3006 4986
704 389 747 458 53

162 595 331 662 animaene
353 595 403 676 Π,
427 597 495 667 Pul.
523 596 549 676 Ι,
579 598 718 682 plurimi.
763 598 921 666 sonitusoe
944 596 1061 680 Guelf.,
1084 597 1152 666 Pol.
1176 600 1202 679 I,
1225 599 1293 668 Pul.

161 697 204 768 ΙΙ.
249 699 283 764 in
304 700 379 770 Vni.
403 702 418 767 Ι
441 704 521 787 quid
542 701 669 787 legatur
690 705 808 768 nescio.

158 801 183 886 1,
207 802 237 882 9,
259 805 300 870 51
325 826 373 888 sq.

205 906 388 991 Anquriurn
409 911 493 978 ratio
516 917 562 978 est
583 917 613 978 et
635 912 808 978 coniectura
829 912 949 994 futuri·

223 1081 226 1090 A
247 1013 320 1078 Hae
343 1013 483 1080 divinavi
504 1016 706 1098 notitiamque
726 1015 792 1084 tuli.

204 1115 290 1196 Quae
312 1117 461 1199 quoniam
481 1139 572 1184 oera
594 1125 666 1197 est,
689 1123 752 1184 tota
774 1119 852 1184 milii
872 1124 973 1185 mente
993 1120 1104 1203 tibique

249 1217 431 1290 Gratulor.
456 1269 464 1286 .
489 1275 496 1289 .
521 1273 528 1288 .
553 1271 561 1286 .
585 1223 631 1287 sic
653 1222 702 1301 ΙΙ,
726 1221 833 1301 Goth„
856 1222 919 1288 elii
942 1261 985 1269 —
1011 1247 1019 1258 ’

161 1342 241 1402 quae
263 1325 412 1404 quoniam
432 1331 525 1392 rato
548 1332 629 1391 tota
651 1325 724 1394 vn.
747 1325 773 1405 Ι,
796 1325 865 1391 Pel.
889 1324 930 1393 ΙΙ.
974 1332 1048 1392 rata
1070 1333 1116 1393 eet
1137 1333 1202 1392 tota
1223 1327 1292 1394 Pol.

161 1423 177 1487 Ι
210 1431 243 1489 et
265 1426 372 1496 Guelf.
397 1429 456 1512 (est
487 1429 521 1493 in
553 1432 606 1515 u),
641 1431 739 1512 quod,
773 1451 850 1494 cum
884 1453 905 1496 a
937 1429 972 1492 in
1003 1435 1077 1495 rata
1109 1429 1207 1502 breve
1241 1433 1293 1509 sit,

161 1529 337 1610 genuinum
371 1553 530 1598 essenon
560 1539 680 1618 potest.
703 1533 770 1598 Pul.
793 1533 810 1597 Ι
832 1533 971 1616 demque
993 1533 1145 1599 lacunam
1167 1534 1295 1599 etiamsi

163 1632 207 1696 ad
228 1641 368 1700 metrum
389 1642 487 1716 recte,
510 1639 554 1702 ad
576 1658 708 1702 sensum
730 1643 842 1702 lamen
863 1637 970 1703 miuus
993 1643 1071 1720 apte
1095 1637 1203 1721 explet
1222 1645 1295 1704 rata

163 1739 235 1802 sint.
280 1745 384 1805 restet
405 1761 523 1819 vera,
547 1742 635 1824 quod
657 1761 769 1806 verum
793 1761 863 1807 esse
887 1741 983 1807 docet
1003 1763 1032 1806 v.
1054 1741 1113 1808 52:

205 1839 279 1907 Hae
300 1845 439 1910 diviuaai
460 1847 719 1928 notitiamque
742 1847 808 1911 tali.

165 1943 191 2020 Ι,
217 1943 266 2022 11,
290 1947 329 2011 37
355 1968 403 2029 sq.

206 2046 290 2113 Non
303 2050 379 2116 laec
398 2054 433 2117 in
454 2054 579 2132 nostrie,
604 2059 638 2118 ut
660 2053 827 2135 quondam,
851 2053 1069 2119 scribimus
1093 2053 1201 2133 horda,

252 2153 319 2218 Nee
343 2161 485 2221 consuete
506 2178 608 2221 meum
631 2157 737 2223 lectule
759 2177 872 2238 eorpus
893 2156 1000 2222 nates.

164 2253 210 2319 eie
240 2263 329 2321 recte
352 2257 393 2320 L²
422 2280 494 2324 cum
523 2259 648 2341 aliquot
675 2260 805 2344 ignotis.
828 2297 871 2307 -
893 2257 1009 2337 Guelf.‚
1032 2258 1107 2326 vat.
1129 2258 1155 2338 1,
1178 2258 1246 2325 Pol.
1268 2259 1294 2338 I,

163 2356 230 2424 Pal.
253 2360 285 2425 11
307 2383 380 2427 cum
402 2361 468 2429 Pal.
490 2363 516 2441 Ι,
539 2361 647 2442 Goth„
671 2363 744 2428 aliie
766 2365 963 2445 suipsimne.

207 2462 249 2542 Π,
274 2464 313 2531 77
337 2465 377 2530 L⁵
400 2467 489 2532 solus
511 2466 664 2548 praebet:

206 2567 280 2632 At!
294 2570 390 2652 ferus
411 2576 440 2636 et
460 2572 553 2637 nolis
576 2570 780 2636 crudelior
801 2572 980 2637 omnibus
1002 2569 1111 2650 lestis,

249 2670 395 2738 Delicias
418 2675 491 2757 leqit
512 2675 565 2756 qui
586 2675 642 2739 tibi
664 2693 784 2754 cunque
804 2693 901 2742 areae.

79 2800 85 2814 ⁸
163 2771 282 2854 reliqui
315 2795 443 2844 omues:
477 2778 610 2842 nimium
643 2776 807 2855 crudelior,
841 2783 975 2860 excepto
999 2776 1068 2841 Pal.
1092 2775 1134 2854 11,
1168 2775 1202 2839 in
1230 2798 1295 2858 quo

163 2876 297 2942 ninnium
319 2880 482 2945 crudeliter
501 2882 731 2961 scriptumest,
748 2880 846 2960 quod,
863 2881 923 2944 etsi
939 2879 1118 2946 editoribus
1133 2879 1295 2961 placebat,

163 2979 257 3044 valde
281 2981 405 3061 dubito,
427 3004 505 3046 num
528 2985 608 3046 salis
630 2982 731 3047 latine
754 2981 875 3046 dictum
897 2984 948 3049 eit.

205 3083 246 3162 Π,
270 3087 312 3151 89
334 3086 368 3149 in
389 3086 430 3150 Le
452 3091 486 3150 ei
506 3085 537 3150 X
558 3086 678 3170 ignotis
701 3085 856 3168 scriplum
879 3092 946 3151 est:

206 3187 251 3252 At
272 3191 400 3254 memini
421 3191 575 3271 vitamque
597 3211 720 3256 meam
742 3207 901 3270 moresque
918 3191 1088 3271 probabas.

162 3315 234 3359 cum
264 3291 382 3371 Guelf.‚
412 3295 487 3359 Vei.
519 3292 544 3370 Ι,
567 3291 635 3359 Pal.
663 3290 695 3355 ΙΙ
724 3311 797 3356 cum
819 3289 886 3358 Pal.
910 3293 934 3369 Ι,
959 3291 1067 3372 Goth„
1097 3293 1208 3358 multis
1235 3297 1296 3360 mei

161 3397 294 3476 habent,
318 3397 406 3479 quod
427 3395 578 3460 vitiosum
600 3415 672 3462 esse
694 3395 806 3479 liquet.

160 3500 202 3579 11,
227 3501 360 3582 mosq.

207 3605 307 3672 &rino
328 3605 362 3669 in
383 3607 492 3702 euentu
506 3621 631 3684 poenae
653 3604 813 3668 elementia
835 3608 923 3668 tanta
946 3609 1000 3681 ast,

251 3708 417 3774 Venerit
438 3713 477 3771 ut
498 3711 604 3771 nostro
628 3705 728 3771 lenior
748 3705 808 3771 illa
829 3712 920 3772 metu.

160 3813 279 3876 uenerit
307 3818 342 3876 ut
363 3809 412 3888 ΙΙ,
438 3807 539 3886 heiu,
574 3809 662 3890 quod
694 3809 813 3890 probat
841 3809 947 3876 Bentl.
981 3810 1038 3892 (ad
1068 3809 1155 3880 Peir.
1185 3810 1294 3877 Burm.

161 3913 243 3981 Mue.
275 3915 334 3980 Rh.
365 3913 443 3980 VIII
470 3935 501 3996 p.
532 3913 576 3996 6).
622 3911 740 3995 reliqui
776 3913 858 3991 cdd„
897 3913 996 3978 ctiam
1023 3911 1141 3992 Guelf„
1172 3914 1240 3981 Pol.
1269 3914 1295 3994 I,

161 4017 231 4082 Pal.
254 4017 286 4080 H
308 4023 343 4083 nt
363 4020 459 4099 suerit
478 4017 611 4086 hebeni.

203 4121 246 4200 11,
272 4122 333 4188 167
356 4121 397 4185 L⁵
418 4141 490 4185 oum
512 4121 581 4186 Pel.
605 4122 620 4186 Ι
643 4127 677 4186 et
699 4120 788 4186 aliis:

211 4224 262 4290 Ut
276 4226 524 4306 sociantque
544 4227 599 4304 tui,
623 4226 712 4291 sidus
733 4225 873 4303 iaoenile,
895 4231 1023 4306 nenoteS,

250 4325 315 4392 Per
339 4333 394 4392 tna
412 4347 533 4410 perque
554 4328 602 4392 ini
623 4328 685 4414 (ael
707 4329 774 4412 cai)
789 4329 884 4411 saeta
900 4329 1044 4412 parentis
1066 4335 1145 4398 eant·
