3006 4986
761 312 805 379 50

214 517 395 602 ganduml
429 491 517 599 quod
549 523 587 582 ut
618 518 764 600 probem,
794 519 941 601 priore
963 518 1034 584 loco
1057 540 1171 584 versus
1195 496 1358 602 quosdam

216 620 361 701 afferam,
384 642 522 704 quorum
544 622 720 706 genuinam
743 621 881 687 formam
896 623 938 687 L⁰
960 623 1021 688 etsi
1044 644 1142 706 saepe
1166 629 1354 706 corruptam

216 725 303 806 solus
327 725 476 804 servavit,
499 725 638 791 altero
660 726 813 808 reliquos,
837 729 871 790 in
894 727 1012 810 quibus
1035 727 1133 791 aliam
1157 727 1355 810 scripturam

215 848 254 891 ac
276 827 397 908 Guell,
420 830 494 896 Vat.
518 829 543 908 I,
567 828 634 894 Pol:
658 831 684 907 I,
707 829 775 895 Pal.
799 829 832 893 ΙΙ
853 830 999 912 praebet,
1023 830 1155 898 addam.

763 1001 799 1068 A.

217 1137 242 1216 Ι,
267 1138 297 1217 9,
322 1139 339 1201 1
364 1137 453 1203 solus
476 1139 516 1202 L·
538 1138 689 1221 praebet:

263 1239 366 1306 Detar
387 1240 536 1323 imofferrso
557 1243 637 1307 citae
658 1241 713 1306 tta·
734 1247 858 1324 taapere
879 1248 1000 1321 metam,

216 1343 355 1426 reliqui:
377 1343 564 1425 imoffeaaae.

216 1445 242 1526 Ι,
265 1447 295 1525 9,
319 1448 340 1512 5
362 1447 449 1512 solus
472 1449 528 1514 er

261 1548 367 1614 Donec
396 1551 459 1615 eris
486 1571 623 1632 sospes
646 1551 716 1634 (rel.
737 1551 879 1635 felia),
902 1550 1014 1615 maltos
1035 1550 1213 1615 numerabis
1228 1551 1354 1634 amieos,

305 1653 456 1735 Tempora
478 1655 508 1718 sr'
522 1655 647 1735 faeriat
668 1654 786 1734 ambita,
809 1653 895 1719 solas
917 1655 988 1720 err'a

217 1754 258 1820 cf.
282 1756 334 1832 Tr.
360 1759 384 1834 Ι,
410 1758 439 1834 1,
462 1758 522 1822 53:
545 1756 676 1822 Doaec
698 1778 803 1822 eram
824 1777 968 1838 sospes,
983 1757 1065 1822 :aaa
1080 1757 1227 1840 tarpeiae
1242 1777 1354 1835 amore,

104 1939 107 1945 Ι
217 1859 269 1922 cui
290 1859 471 1941 praecedit:

263 1963 338 2027 Nom
359 1963 405 2028 ita
427 1983 460 2028 se
481 1963 568 2028 mea
584 1963 712 2045 praebet
726 1964 861 2044 sortarm
883 1965 1059 2045 secumdam,

311 2066 350 2132 Ut
371 2066 426 2130 reba·
448 2066 490 2131 sa
510 2066 591 2130 ratio
615 2066 720 2131 laudis
743 2066 882 2130 labara
904 2072 983 2131 taae.

216 2168 241 2247 Ι,
267 2168 317 2246 11,
341 2168 396 2236 31:

303 2271 454 2336 Barbara
470 2292 553 2354 pars
576 2271 664 2336 laeua
687 2277 738 2350 est,
765 2272 910 2337 avidae
937 2271 1144 2338 substrata
1172 2273 1353 2354 raptaae.

217 2373 312 2439 sicin
335 2375 404 2438 cod.
427 2373 467 2436 Ll
489 2395 560 2438 cnm
582 2375 655 2458 l'(=
674 2374 750 2456 vel),
775 2375 809 2437 in
832 2373 932 2439 Pall
956 2379 1016 2438 etc.
1032 2374 1186 2458 legimus:
1210 2376 1243 2438 in
1259 2375 1352 2439 aliis:

217 2477 401 2558 substracta,
429 2479 594 2558 subtracta,
622 2479 788 2557 substrata,
821 2477 964 2557 saetam,
992 2479 1167 2556 summissa,
1190 2479 1352 2560 iastraeta,

217 2581 382 2661 sarmacia,
404 2582 521 2646 laterata
544 2587 604 2646 etc.
649 2581 683 2644 in
706 2579 745 2642 ΙΙ
771 2586 880 2646 exstat
902 2601 922 2645 a
944 2601 993 2662 pr.
1016 2603 1057 2646 m.
1080 2581 1226 2646 adatera
1242 2603 1353 2663 peace,

216 2684 346 2750 litterae
369 2683 553 2749 foedissime
576 2690 758 2765 corruptae,
781 2685 814 2747 in
837 2682 956 2766 quibus
981 2685 1060 2766 quid
1082 2683 1196 2763 lateat,
1219 2685 1354 2767 Hauptii

217 2790 404 2852 coniectura
436 2788 595 2870 palmaria
617 2787 763 2870 (Hauptii
793 2808 902 2870 opusc.
930 2786 987 2865 ΙΙΙ,
1016 2787 1148 2868 642²¹):
1181 2789 1351 2869 avidaeque

285 2960 318 3031 ²¹)
337 2961 458 3015 Alterum
476 2965 565 3014 tamen
583 2960 673 3015 locum
692 2960 727 3027 V,
747 2961 771 3026 8,
795 2962 838 3014 11:

260 3046 326 3101 Vidi
343 3062 392 3115 epo
409 3047 699 3114 raafrapr'amqae
716 3047 808 3099 uiros
826 3051 858 3101 et
875 3047 908 3100 r'rr
927 3061 1070 3114 aequore
1087 3047 1174 3115 merpr'

220 3152 274 3189 non
292 3138 365 3188 recte
383 3135 449 3187 mihi
466 3134 572 3188 videtur
590 3135 630 3188 sic
648 3133 817 3188 emendasse:

256 3220 322 3275 Vidi
338 3237 387 3289 epo
404 3218 628 3288 aaafrapr'am
645 3219 706 3286 qai
722 3220 802 3274 risit
819 3220 849 3273 im
867 3235 984 3288 aequore
1001 3221 1094 3289 marai,

220 3307 331 3360 eandem
350 3308 384 3360 ob
403 3322 518 3370 causam,
538 3307 573 3360 ob
592 3321 671 3373 quam
689 3305 814 3360 Merkelii
831 3307 969 3360 horrificas
989 3323 1051 3360 sanc
1072 3307 1253 3363 coniecturas:

257 3391 323 3447 Vidi
340 3408 388 3462 epo
406 3391 588 3458 raafrapr'am
605 3390 654 3457 qm'
671 3391 766 3444 rasit
784 3391 837 3457 (vel
854 3393 954 3459 rosit)
974 3435 980 3446 .
1001 3433 1007 3445 .
1026 3433 1032 3445 .
1052 3433 1058 3445 .

216 3479 331 3548 probare
357 3494 411 3531 non
437 3492 561 3545 possum:
589 3475 652 3543 quia
679 3477 870 3530 sententiarum
898 3478 978 3530 nexui
1004 3494 1058 3530 non
1085 3476 1165 3546 plane
1194 3474 1353 3530 satisfacere

217 3565 329 3620 videtur.
375 3563 443 3631 Quid
471 3562 607 3631 flagitetur
625 3561 745 3615 Gothani
772 3563 906 3632 quoddam
932 3564 1066 3632 glossema
1093 3564 1185 3640 dccet:
1214 3563 1271 3616 vidi
1287 3562 1354 3614 aab·

217 3655 368 3718 marpentea
384 3650 503 3703 homines
520 3649 606 3716 merpi
623 3663 683 3701 cum
701 3650 764 3716 illis,
783 3664 853 3717 qaae
871 3650 1086 3718 aubmeryebant.
1114 3651 1204 3717 itaque
1223 3649 1355 3717 recipien-

219 3738 280 3790 dam
308 3751 367 3790 esse
395 3751 491 3789 censeo
519 3750 585 3799 eam,
613 3750 693 3802 quam
712 3735 796 3788 Merk.
824 3735 852 3788 in
880 3736 921 3788 ed.
940 3737 1026 3792 Reim.
1051 3735 1152 3806 attulit,
1173 3737 1355 3789 coniecturam

218 3823 270 3877 etsi
287 3821 384 3876 leviter
401 3822 580 3876 immutatam:
1097 3833 1099 3840 ’

257 3907 323 3962 Vidi
339 3923 387 3976 epo
404 3906 628 3974 maeisrcpam
646 3906 706 3973 qai
721 3906 839 3960 mersit
855 3907 891 3960 r'm
909 3923 1057 3974 aequora
1074 3909 1166 3976 marai.

218 4010 342 4062 aequora
358 3995 386 4047 in
413 3993 472 4046 cod.
492 3991 589 4059 Guelf„
607 3991 666 4045 Pal.
685 3991 720 4060 ΙΙ,
738 3993 825 4045 tribus
844 3992 905 4046 aliis
926 3997 1016 4048 exstat
1033 4000 1061 4050 et
1078 3995 1197 4049 firmatur
1215 3994 1280 4050 Met.
1301 3993 1356 4063 111,

218 4081 281 4147 3903
300 4080 363 4147 4283
382 4079 431 4143 XI,
450 4078 515 4147 5573
533 4077 609 4131 Fast.
627 4076 662 4142 H,
680 4077 713 4130 88
731 4083 782 4132 etc.
819 4078 851 4132 cf.
871 4095 914 4132 vv.
933 4081 1135 4136 antecedentes:

252 4166 361 4234 Barea,
380 4165 433 4220 aa!
451 4163 551 4232 dipaas
567 4162 655 4218 aleam
673 4163 847 4218 Rhamnusia
860 4179 974 4232 pomae,

286 4251 452 4322 Imposito
470 4251 581 4308 calcas
599 4250 687 4319 qaod
703 4265 772 4304 mea
789 4251 868 4318 fata
880 4251 975 4321 pede,
