3006 4986
405 337 703 436 Sententiae
735 341 1104 432 oontroversee

217 603 243 669 I.
278 601 426 686 Aeschyl.
449 601 562 686 Agem.
586 621 614 664 v.
638 599 700 664 547
725 597 880 686 (Herm.):

318 705 357 776 τὸ
379 701 505 794 μήποτ’
528 698 630 784 αὖθις
651 701 730 792 μηδ’
752 700 929 790 ἀναστῆναι
951 701 1062 787 μέλειν

277 807 425 891 spurium
447 827 519 873 esse
543 826 667 875 censeo.
713 807 840 890 relique
862 808 908 870 sio
931 803 1163 888 distinguenda
1186 808 1278 870 sunt:

214 931 216 934 ·
317 913 352 981 τί
374 917 483 981 ταῦτα
497 918 643 981 ’πενθεῖν
666 913 718 979 δεῖ
725 937 736 998 ,·
758 910 957 1001 παροίχεται
980 906 1095 988 πόνος·

319 1015 520 1108 παροίχεται
542 1012 583 1103 δὴ
609 1012 818 1096 (Reuohenst.
842 1014 879 1081 δὲ
901 1010 988 1098 odd.)
1011 1019 1099 1080 τοῖσι
1121 1012 1181 1098 μὲν

1065 1111 1260 1204 τεθνηκόσιν
1282 1151 1326 1164 ·-

242 1253 247 1264 ·
320 1223 353 1291 τί
376 1218 454 1300 τοῖς
478 1218 707 1301 ἀναλωθέντας
729 1220 763 1288 ἐν
786 1217 893 1312 ψήφῳ
914 1220 1028 1306 λέγειν,

283 1407 285 1410 ¹
321 1322 377 1393 τὸν
400 1326 505 1407 ζῶντα
528 1321 557 1390 δ’
581 1321 691 1410 ἀλγεῖν
713 1320 775 1413 χρὴ
798 1319 899 1411 τύχης
922 1318 1140 1410 palmitem
1268 1413 1272 1420 ι

322 1429 377 1495 καὶ
400 1425 507 1496 πολλοὶ
530 1428 656 1519 χαίρειν
679 1435 867 1518 συμφοραῖς
889 1431 1035 1510 καταξιῶ
1058 1465 1100 1472 -

323 1529 401 1618 ἡμῖν
423 1532 460 1598 δὲ
482 1537 552 1609 τοῖς
577 1533 743 1600 λοιποῖσιν
758 1581 765 1597 .
782 1581 789 1597 .
806 1581 838 1598 ..
885 1604 888 1608 ,

203 1632 244 1698 II.
280 1633 429 1717 Aeschyl.
461 1633 548 1714 Sept.
578 1623 650 1699 276'
666 1633 744 1718 (H.).
778 1672 820 1680 —
847 1633 1077 1697 Revocendum
1105 1653 1178 1698 esse
1208 1653 1325 1698 oenseo

279 1733 469 1828 πάντρομος
484 1735 615 1818 (Herm,
633 1735 737 1814 weil,
753 1736 860 1814 Dino,
884 1735 982 1800 'Keolu
999 1734 1214 1828 πάντροφος),
1237 1735 1326 1818 quod

278 1839 312 1902 in
334 1841 443 1904 codice
466 1839 500 1902 Μ
524 1860 613 1922 apr.
638 1861 679 1902 m.
701 1840 858 1924 seriptum
881 1845 940 1904 est.

193 1941 250 2007 ΙΙΙ.
281 1942 389 2008 Solem
412 1948 445 2007 et
459 1943 641 2024 Apollinem
662 1945 728 2006 iam
751 1944 840 2025 epud
862 1947 977 2025 poetes
994 1941 1030 2007 V.
1054 1963 1084 2008 a.
1101 1943 1174 2008 Chr.
1197 1963 1228 2006 n.
1254 1961 1325 2006 sae-

278 2031 342 2110 ¹ouli
363 2047 417 2134 hio
438 2045 503 2110 illio
525 2052 692 2129 tamquam
707 2047 739 2108 in
762 2067 862 2110 unum
881 2067 999 2128 corpus
1017 2047 1176 2112 coaluisse
1193 2047 1327 2110 demon-

280 2149 385 2214 strari
401 2155 518 2230 potest.
790 2147 793 2153 “

193 2250 248 2316 IV.
285 2252 375 2317 Ovid.
399 2251 450 2320 Tr.
475 2253 515 2331 ΙΙ,
539 2275 586 2318 vv,
614 2253 796 2319 111-1142

322 2356 376 2422 Sic
398 2377 515 2438 quoque
531 2379 639 2439 paruo
662 2361 773 2435 tamen,
796 2358 900 2437 pulsio
923 2358 1048 2422 ἀπαίιιν
1070 2363 1104 2422 ot
1126 2377 1200 2422 aeuo
1247 2425 1252 2434 ,

368 2458 476 2538 Clara,
500 2480 555 2524 οτι
577 2460 675 2526 ullius
696 2459 854 2526 nobilitato
877 2462 988 2541 ποίοιν,
1116 2481 1133 2498 -’

323 2562 369 2626 Εί
390 2584 486 2646 oeque
509 2563 627 2628 diuitiis
648 2583 704 2628 ποι
720 2568 911 2645 paupertate
933 2563 1082 2640 αοίαιιάα,

371 2665 459 2731 Unde
481 2667 524 2731 sit
545 2666 580 2729 ιἰι
602 2671 749 2730 neutrum
771 2665 1011 2746 conspiciendus
1034 2687 1135 2747 eques.
1158 2687 1163 2694 ·

280 2767 381 2849 spurii
404 2773 489 2833 sunt.

209 2869 245 2936 V.
281 2869 395 2936 Tibull.
419 2870 513 2950 11‚5.
559 2860 658 2936 Piimt
688 2869 783 2936 huius
814 2871 964 2936 carminis
986 2873 1057 2950 ‘vus
1072 2874 1163 2954 'quos
1183 2891 1210 2952 'e
1238 2871 1327 2934 nullo
1450 2929 1457 2944 ,

279 2975 474 3058 minimeque
496 2995 517 3040 a
538 2975 685 3041 Vahleno
708 2981 795 3039 reete
823 2976 999 3064 explicatos
1033 2975 1122 3040 esse*
1130 2969 1248 3054 indies,
1280 2976 1328 3040 sio

282 3077 522 3159 interpretandi
552 3084 643 3144 suut:
674 3077 804 3144 Phoebe
835 3079 920 3144 favet
955 3099 1057 3144 novus
1086 3068 1237 3159 senentes
1267 3085 1328 3143 tua
1445 3088 1449 3105 '

280 3180 404 3262 temple
436 3181 626 3265 ingreditur,
661 3181 773 3265 itaque
804 3203 877 3246 oum
905 3182 1031 3248 eithara
1063 3172 1326 3265 carminibusque
1445 3226 1451 3264 3

180 3313 184 3329 τ
279 3284 413 3349 veniens
435 3283 563 3350 vocales
585 3285 712 3368 impelle
735 3285 849 3369 pollioe
865 3285 1004 3352 chordas
1028 3292 1061 3350 et
1082 3288 1126 3352 ed
1144 3291 1240 3351 tue's'
1255 3287 1326 3350 lau·
1446 3282 1450 3365 ξ

281 3387 339 3451 des
362 3387 462 3452 verba
484 3408 571 3453 mee
592 3387 696 3453 flecte.
721 3409 765 3458 so.
790 3395 862 3454 oret
883 3395 991 3472 poeta,
1018 3395 1056 3454 ut
1077 3389 1194 3473 Apollo
1217 3389 1324 3454 divino
1446 3372 1450 3446 ἶ

281 3510 354 3556 sese
380 3493 536 3576 (poetam)
561 3493 678 3574 spiritu
700 3491 842 3576 impleat,
865 3513 906 3557 ne
928 3493 1059 3578 indigne
1087 3501 1197 3558 sues‘
1211 3492 1327 3580 (Apol-

279 3594 365 3673 linis,
389 3615 455 3659 non
478 3595 616 3678 Augusti
639 3601 697 3659 aut
718 3595 892 3678 Messalae)
914 3597 1028 3662 laudes
1046 3589 1180 3664 'cuntot¹
1205 3602 1327 3676 ,totum

281 3701 366 3763 enim
398 3719 528 3763 carmen
554 3699 738 3782 imploratio
770 3707 819 3767 est
848 3701 1019 3785 Apollinis,
1049 3708 1087 3766 ut
1115 3701 1184 3766 Mes
1200 3703 1326 3768 elinum

280 3802 323 3867 sd
345 3822 439 3867 sucre
460 3823 520 3866 sue
541 3803 693 3868 admittet
716 3805 895 3888 doceatque
917 3811 1005 3870 reste
1021 3805 1208 3889 intellegere
1223 3804 1325 3870 libros
1403 3842 1407 3847 -

212 3943 213 3948 κ
279 3905 459 3989 Sibyllinos,
1055 3891 1056 3898 ί

195 4007 247 4074 VI.
281 4007 474 4072 Wernerum
497 4009 537 4072 de
552 4007 741 4074 Elmendorf
760 4031 881 4089 eorum,
906 4031 985 4092 quos
1002 4009 1106 4090 affert,
1130 4011 1325 4093 scriptorum

280 4115 454 4177 maximam
475 4118 602 4196 partem
624 4113 742 4194 legisse
765 4135 871 4196 neque
895 4120 1056 4198 excerptis
1080 4119 1208 4180 tentum
1231 4135 1327 4180 usum

281 4236 351 4280 esse
375 4217 470 4281 oertis
494 4219 693 4299 argumentis
716 4218 932 4282 demonstrari
954 4223 1074 4300 potest.
