3006 4986
705 392 748 458 25

157 593 256 663 lacem
278 595 338 672 ΙΙ,
362 595 436 662 Vei.
460 593 485 674 I,
509 593 616 671 Leid.;
647 597 681 658 in
704 592 811 661 Guelf.
835 614 856 659 a
876 593 1102 660 recentissima
1135 615 1234 661 manu
1258 594 1293 660 in

156 719 277 765 rasura
310 697 465 780 scriptum
499 702 551 760 esi
584 698 689 779 ailam,
723 695 784 761 sub
819 717 884 779 quo
919 698 1000 779 quid
1021 697 1122 764 fuerit
1144 701 1207 764 etsi
1228 697 1293 764 iam

157 803 272 886 dispici
287 821 351 866 non
366 805 484 882 polest,
507 799 560 863 vix
576 805 687 865 lemen
700 806 753 865 ‘est
769 801 857 882 quod
872 800 1067 881 dubitemus,
1091 801 1168 885 quin
1183 823 1231 884 pr.
1248 822 1290 870 m.

158 907 256 972 lacem
278 903 452 986 scripserit.
487 901 555 972 Pal
580 905 595 968 Ι
619 925 691 968 cum
713 903 847 986 reliquis
870 904 1019 970 omnibus
1034 907 1131 972 ailam
1144 904 1293 989 praebet,

159 1010 249 1090 quod
262 1007 494 1090 interpolatum
510 1026 581 1071 esse
595 1007 671 1072 inde
688 1028 817 1092 quoque
832 1013 934 1091 patet,
959 1009 1048 1092 quod
1061 1012 1096 1074 iu
1109 1009 1294 1092 insequenti

159 1131 257 1176 versu
279 1112 345 1177 aila
367 1113 485 1174 ilerum
508 1115 625 1176 exstet.
652 1113 708 1176 lma
731 1111 844 1176 eodem
870 1111 967 1178 modo
994 1111 1036 1178 ab
1059 1111 1171 1178 Ovidio
1197 1133 1294 1178 usur-

157 1220 275 1298 pclum
298 1221 349 1280 esi
372 1214 447 1281 Met.
471 1213 614 1292 V1‚271
639 1234 686 1298 sq.

201 1320 290 1386 Nam
307 1325 401 1401 pater
422 1319 584 1400 Amplior
605 1321 691 1402 ferro
707 1340 770 1400 per
789 1324 899 1401 pecias
921 1321 1034 1388 adacio

245 1423 444 1488 Finierat
463 1423 601 1488 moriers
621 1423 745 1504 pariter
768 1443 851 1488 cam
874 1423 960 1490 lace
982 1423 1126 1489 dolorem.

159 1525 213 1590 Sil.
239 1526 289 1604 17,
311 1526 393 1592 473:
416 1525 521 1609 Repia
544 1546 614 1592 cam
637 1526 757 1591 lacem
772 1532 998 1608 posuerant
1018 1527 1166 1594 membra.
1177 1527 1217 1611 16)

158 1627 214 1706 IV,
239 1628 269 1706 2,
292 1627 335 1692 38
358 1648 407 1710 sq.

202 1731 352 1813 Persidas
373 1731 425 1797 laic
446 1737 569 1796 mosmos
590 1731 717 1796 imolasil
736 1732 850 1814 framle
873 1734 1018 1814 lacertam,

245 1833 401 1917 squalida
416 1835 634 1916 promissis
655 1833 711 1916 qai
732 1835 805 1918 lepii
826 1857 884 1902 ora
906 1838 1011 1901 comis.
1354 1907 1358 1918 ¹

154 1937 326 2020 promissis
348 1936 409 2016 ir„
432 1936 506 2001 Vei.
530 1935 555 2015 I,
578 1935 704 2022 Frena,
727 1937 799 2014 alii;
816 1939 956 2019 proliais
978 1936 1085 2003 Guelf.
1109 1943 1143 2002 ei
1156 1937 1229 2004 Pul.
1254 1975 1292 1988 -

160 2040 307 2105 demissis
328 2039 397 2105 Pal.
420 2039 446 2119 I,
470 2038 580 2118 Goth„
603 2039 743 2123 plurimi.
772 2041 919 2106 demissis
945 2039 1020 2104 inde
1046 2039 1229 2106 eGrutero
1251 2040 1294 2108 ab

160 2142 336 2207 editoribus
357 2146 532 2207 intextum
553 2148 720 2225 receptum
743 2143 807 2208 esi.'
828 2141 1016 2207 defenditur
1030 2148 1141 2209 tamen
1155 2143 1295 2209 alierum

161 2250 204 2331 (v.
220 2246 332 2314 Heius.
348 2247 391 2310 ad
405 2247 438 2312 h.
454 2246 490 2329 l.)
506 2245 573 2313 Liv.
595 2246 615 2310 l.
639 2245 817 2325 XXXVIII,
840 2267 866 2311 c.
891 2246 929 2310 ll
947 2245 1143 2334 (Gallorum)
1159 2267 1296 2330 procero

162 2369 304 2431 corporo,
329 2351 559 2432 promissae
582 2357 610 2415 el
630 2351 779 2416 rutilatae
802 2369 915 2430 comae,
939 2355 973 2414 ei
994 2350 1023 2415 si
1045 2351 1119 2434 quis
1142 2349 1296 2415 obiecerit

160 2453 214 2535 agi
237 2451 298 2516 hoc
321 2452 391 2518 loco
415 2454 455 2518 de
480 2453 588 2536 specie
610 2453 714 2519 'cristis
738 2457 772 2516 ei
793 2451 949 2536 lugentis:
974 2454 1018 2517 ad
1039 2451 1107 2522 Liv.
1130 2475 1160 2523 v.
1182 2452 1224 2519 85
1247 2472 1294 2538 sq.

173 2573 177 2582 ·
208 2555 354 2620 Vidimus
377 2558 541 2622 allomlam
561 2557 708 2638 fralaraa
729 2561 826 2621 merle
847 2555 1005 2621 Neronem

248 2657 406 2740 Squalida
422 2661 630 2740 promissa
650 2661 724 2740 flere
739 2680 803 2741 per
825 2679 882 2724 ora
905 2680 1001 2726 omna.

160 2757 201 2824 cf.
224 2765 396 2842 praeterea
417 2759 442 2840 Ι,
467 2761 496 2839 6,
520 2763 541 2826 ὁ
562 2763 658 2828 rama
680 2759 798 2841 Guelf„
821 2761 880 2841 L⁸.,
904 2759 1097 2841 Goth.,a1fi.
1121 2799 1162 2812 -
1185 2764 1297 2830 corma

160 2860 229 2928 Pal.
252 2861 277 2928 Ι.
300 2863 359 2943 ΙΙΙ,
384 2864 413 2942 l,
437 2863 488 2929 55.
512 2863 642 2946 Aspicis
664 2866 866 2949 easaapai
882 2865 1025 2932 oleariam
1034 2865 1157 2948 pallere
1171 2867 1297 2932 colore

160 2965 221 3044 ΙΙΙ,
244 2965 351 3032 Guelf.
375 2972 436 3032 ete.
454 3006 497 3014 -—
518 2968 828 3053 eaipao-craore
849 2968 916 3033 Psi.
940 2968 965 3034 Ι,
988 2967 1044 3048 IV,
1069 2970 1097 3047 1,
1122 2969 1185 3035 102
1205 2989 1298 3054 ropos

160 3069 221 3148 L⁸.‚
245 3067 365 3150 Graii,
387 3069 456 3136 Pal.
478 3071 520 3150 Π,
544 3069 652 3151 Goth„
675 3071 741 3142 elii.
764 3110 807 3124 —
835 3073 924 3157 focos
945 3071 1013 3139 Pal.
1037 3071 1062 3150 1,
1091 3071 1218 3155 reliqui.
1241 3070 1296 3151 IV,

160 3171 191 3250 6,
206 3174 251 3242 ,72
280 3174 408 3240 moralis
430 3171 479 3238 12⁸.
510 3173 571 3257 (M2
598 3175 686 3258 add.)
709 3173 827 3254 Guelf.‚
857 3177 931 3244 Vel.
954 3177 981 3254 Ι,
1010 3173 1078 3240 Pol.
1102 3175 1128 3254 I,
1156 3171 1226 3242 Pal.
1254 3173 1297 3254 ΙΙ,

159 3277 267 3356 pauci.
291 3313 334 3324 -
355 3278 452 3344 lassis
473 3276 542 3342 Pel.
566 3277 591 3356 Ι,
615 3276 723 3358 Goth„
746 3277 873 3362 reliqui.

713 3450 744 3515 d.

249 3585 394 3652 Aliorum
415 3587 566 3652 vitiorum
587 3588 677 3653 haud
699 3607 818 3671 parvus
841 3607 996 3653 numerus
1020 3607 1038 3652 e
1062 3587 1220 3652 similibus
1240 3592 1299 3652 aui

163 3689 272 3754 verbis
295 3697 354 3755 aui
375 3691 520 3756 versibus
543 3692 577 3755 in
598 3694 744 3775 margine
768 3696 827 3756 eui
847 3691 933 3756 inter
954 3690 1059 3755 lineas
1075 3691 1250 3773 adscriptis
1266 3695 1301 3756 et

163 3798 281 3874 postea
302 3796 337 3858 in
358 3799 483 3859 textum
504 3795 644 3879 receptis
667 3800 757 3860 ortus
780 3799 839 3860 est.
884 3793 925 3860 cf.
947 3815 976 3859 e.
999 3815 1031 3878 g.

164 3895 207 3975 ΙΙ,
231 3897 294 3962 303
318 3919 366 3981 sq.

206 4001 252 4066 El
267 4003 382 4083 procul
405 4025 425 4068 a
446 4005 566 4086 scripta
587 4003 666 4069 solis
687 4001 896 4068 meretricibus
918 4008 985 4068 arie

250 4102 427 4172 Sammooel
447 4107 600 4190 iapmaas
617 4107 742 4191 papiria
758 4099 875 4188 prima
890 4125 1041 4172 mamas.

235 4323 266 4396 ¹⁶)
285 4329 366 4384 Hunc
384 4329 474 4384 locum
491 4329 558 4383 mihi
576 4328 688 4398 supped.
707 4327 900 4398 Kiesslingius.

1095 4436 1129 4488 ie
