3006 4986
683 332 751 400 '29

165 544 258 618 acrei,
293 538 382 620 quod
414 538 553 604 fortasse
582 540 764 623 explicandi
786 561 886 605 causa
907 539 941 603 in
964 542 1111 624 margine
1134 544 1192 605 aut
1213 539 1299 604 inter

164 641 270 708 lineas
293 642 493 726 adscriptum
516 651 594 722 erat,
618 644 799 710 intextum
821 645 998 710 induceret.

165 747 225 825 111,
250 747 278 825 1,
304 746 353 812 77.

208 866 281 946 Di,
297 887 454 949 precor,
471 875 564 950 atque
580 869 664 948 adeo,
680 891 776 951 reque
792 870 874 934 erim
888 870 966 935 raiii
980 871 1073 935 turba
1086 868 1230 953 repanda
1245 875 1299 948 esi,

256 969 384 1050 Caesar,
407 971 484 1038 aries
505 977 582 1050 coto,
604 973 739 1038 maxime
761 973 838 1053 dire,
862 992 937 1039 raca.

253 1092 324 1156 Hoc
346 1112 424 1156 num
445 1092 480 1156 in
502 1091 667 1158 codicibus
690 1098 806 1172 exstet,
829 1093 948 1162 nescio.
971 1092 1005 1156 in
1027 1090 1095 1158 Pal.-
1119 1092 1134 1156 Ι
1158 1093 1243 1156 enim
1266 1095 1300 1154 et

167 1192 263 1260 Goth.
299 1200 333 1258 et
362 1195 436 1260 aliis
458 1201 486 1260 ie
502 1217 619 1278 precor
642 1197 797 1279 scriptum
822 1202 880 1275 est,
905 1196 993 1278 quod
1014 1195 1099 1258 unde
1123 1200 1236 1260 natum
1258 1193 1300 1257 sit

167 1297 262 1362 decet
283 1298 344 1376 lm,
368 1297 486 1379 Guelf„
520 1300 658 1366 aliorum
691 1301 851 1383 scriptura
873 1301 911 1365 eie
927 1320 1050 1382 precor,
1075 1319 1114 1363 ex
1137 1298 1169 1363 cii
1185 1317 1299 1381 precer

166 1403 235 1465 sine
257 1401 323 1467 ullo
346 1402 445 1468 dubio
470 1409 552 1470 crta.

165 1503 220 1583 IV,
243 1506 274 1583 3,
298 1506 318 1570 9
341 1527 411 1589 sqq.

210 1625 312 1707 Irrqae
333 1646 435 1690 raeara
456 1626 571 1692 nitidos
593 1627 750 1692 demirare
774 1627 935 1692 convertite
957 1627 1072 1706 caitus,

251 1729 358 1810 Sitque
378 1750 495 1794 mereor
516 1731 616 1794 rostri
637 1750 740 1809 aecae,
762 1732 875 1812 referte
896 1729 981 1794 miii.

209 1848 254 1913 Ei
276 1847 362 1927 mihi,
386 1869 457 1914 car
479 1849 620 1914 timeo?
642 1871 720 1930 qaae
742 1855 815 1914 sarri
835 1850 1004 1932 manifesta
1025 1848 1173 1930 requiro?

256 1949 320 2016 Oar
344 1951 431 2018 labat
452 1953 598 2035 erebique
620 1973 692 2033 spes
713 1952 790 2016 miii
810 1953 910 2016 mirsia
932 1953 1040 2016 meta?

167 2090 225 2134 ear
258 2072 384 2137 timeam
405 2072 454 2136 L⁸.
489 2073 556 2155 (tim
579 2071 622 2137 M.
657 2093 727 2137 eam
760 2071 834 2140 add.
858 2070 921 2154 ΜΞ)
944 2069 1050 2139 Guelf.
1074 2070 1135 2134 sub
1158 2091 1224 2139 ras.
1249 2073 1301 2153 (i),

167 2171 241 2237 Vat.
276 2173 301 2253 I,
335 2173 404 2239 Pal.
439 2174 481 2242 ΙΙ.
513 2213 555 2261 Ᾰ-
592 2176 682 2240 timei
715 2173 782 2240 Pal.
814 2173 839 2252 Ι,
864 2173 972 2253 Goth„
995 2173 1119 2252 Fraus,
1153 2173 1301 2255 piurimi3

168 2277 299 2344 simiam
331 2277 427 2359 pauci
459 2278 649 2346 deteriores.
694 2280 842 2356 nimiam,
876 2277 965 2359 quod
996 2276 1103 2340 nescio
1139 2276 1301 2359 quamodo

169 2383 332 2463 scriptura
353 2382 443 2446 timrei
465 2380 596 2445 defendi
619 2381 733 2464 pessit,
759 2379 888 2445 omnine
910 2380 1029 2444 nullius
1052 2382 1207 2444 momenti
1230 2398 1302 2444 esse

167 2483 233 2549 iam
265 2483 342 2547 inde
376 2488 477 2566 patet,
513 2485 602 2567 quod
633 2487 665 2548 in
689 2483 795 2548 tribus
817 2488 946 2548 tantum
968 2479 1040 2548 cdd.
1063 2483 1159 2566 plane
1181 2482 1301 2567 ignotis

168 2591 289 2664 exstat,
322 2587 413 2651 timei
446 2593 556 2651 autem
588 2592 723 2670 prepter
758 2589 843 2654 iaici
865 2590 907 2673 (r.
934 2587 986 2668 12)
1010 2607 1121 2651 verum
1144 2606 1302 2650 essenon

167 2694 285 2771 potest.
329 2694 436 2754 restat
468 2693 602 2771 timeam,
637 2691 725 2773 quod
758 2691 819 2755 etsi
841 2689 949 2754 Riesic
983 2690 1114 2773 placuit,
1154 2688 1302 2773 sequenti

168 2797 278 2857 tamen
311 2813 424 2858 versu:
459 2813 517 2858 ear
550 2795 636 2860 labat
663 2842 671 2859 .
702 2840 709 2858 .
740 2843 747 2858 .
774 2792 946 2862 refutatur.
991 2795 1165 2878 genuinam
1198 2790 1302 2855 Ovidii

167 2917 299 2961 manum
320 2897 501 2962 Buslidiani
533 2903 566 2960 et
592 2897 753 2963 Moretani
785 2897 911 2962 librarii
945 2898 1128 2963 coniectura
1161 2895 1302 2961 assecuti

170 3006 264 3065 sunt:
299 3023 355 3067 ear
387 3001 502 3068 timec?
533 3002 619 3064 unde
653 3003 779 3066 timeam
809 3000 936 3086 (tinisa)
960 3006 1073 3065 natum
1096 3021 1169 3065 esse
1185 2999 1302 3063 'verisi-

168 3105 339 3174 millimum
362 3111 423 3184 est,
446 3105 641 3187 praesertim
663 3126 736 3168 cum
760 3126 780 3169 a
800 3111 834 3169 et
849 3127 867 3170 0
882 3109 916 3168 in
932 3104 1095 3169 codicibus
1112 3103 1300 3186 saepissime

168 3211 255 3271 inter
277 3229 312 3272 se
334 3207 583 3274 confundantur.

169 3312 208 3380 cs.
232 3317 405 3394 praeterea
426 3311 468 3390 H,
492 3312 554 3378 229
578 3333 625 3393 sq.

213 3432 310 3498 Nare
332 3438 360 3497 te
377 3432 468 3513 proie
491 3438 547 3496 trra
568 3435 709 3500 iacerem
734 3432 1029 3509 Germanicarum,

254 3535 408 3618 Bellaque
424 3555 487 3617 pro
510 3555 626 3617 macac
650 3532 785 3600 Caesare
810 3532 929 3600 Caesar
951 3535 1036 3598 abii.

169 3638 234 3704 obit
254 3635 315 3715 L⁸.,
337 3637 411 3703 Vat.
432 3635 457 3716 Ι,
481 3635 547 3704 Pal.
572 3636 620 3713 II;
643 3639 713 3702 abet
734 3635 835 3700 Guelf
839 3661 847 3713 3
870 3636 962 3702 iubet
977 3633 1075 3704 Goth.
1099 3656 1171 3699 cum
1193 3633 1302 3699 multis

167 3777 209 3790 -
233 3741 299 3825 apii
321 3738 389 3808 Pal.
413 3743 439 3819 Ι,
462 3739 570 3818 Bern,
592 3739 695 3806 multi.

168 3845 195 3920 1,
217 3842 247 3922 5,
271 3845 311 3908 61
337 3863 386 3925 sq.

213 3947 284 4012 Nos
307 3949 388 4030 freta
411 3947 566 4012 sideribus
588 3947 660 4010 totis
683 3947 836 4010 distantia
857 3965 981 4010 mensos

252 4049 352 4115 Sors
374 4048 420 4132 (i)
445 4050 515 4114 iaiit
536 4049 571 4112 ia
596 4048 722 4114 Geticos
744 4047 1073 4129 Sarmaticosque
1094 4048 1191 4112 aras.

148 4150 423 4234 'Sarmaticosque
445 4151 505 4229 ΙΙ,
529 4149 598 4215 Pal.
621 4150 662 4229 ΙΙ,
687 4149 757 4226 alii3
780 4150 939 4216 Sarmatis
961 4171 1019 4214 ora
1042 4147 1156 4226 Guelf.,
1180 4147 1252 4214 Vat.
1277 4146 1301 4223 Ι,

166 4253 234 4323 Pel.
247 4253 272 4318 1.
287 4294 325 4304 -
341 4254 490 4322 Caesaris
504 4255 554 4318 ira
569 4252 636 4318 Pal.
652 4253 677 4331 1,
693 4252 819 4331 Fraus,
836 4251 942 4330 Goth„
955 4239 1143 4334 Hambmg.‚
1159 4248 1297 4332 plurimi.
