3006 4986
684 385 726 449 33

140 589 239 656 critic.
264 587 295 652 II
321 610 352 672 p.
376 588 443 674 97),
474 589 530 672 qui
558 589 656 656 etiam
682 592 784 655 totius
814 589 943 654 distichi
973 589 1041 653 sine
1073 586 1173 654 dubio
1202 607 1273 652 cor-

139 691 229 774 rupti
261 695 454 757 sententiam
477 698 564 757 recte
587 692 785 758 intellexisse
807 693 953 758 videtur:
980 713 1041 757 mom
1062 692 1174 776 apide
1200 691 1274 756 uitio

142 795 337 877 commpiemdc
368 797 423 861 sed
454 796 492 861 de
523 797 640 862 iudicio
672 797 748 877 eius,
782 796 837 880 qui
863 797 972 861 citima
993 815 1031 860 cm
1055 794 1161 861 Ouidii
1183 793 1274 858 libris

141 898 290 980 originem
315 898 424 963 mecm
444 905 579 981 putaret.
602 898 697 963 valde
719 903 830 964 autem
853 898 977 978 dubito,
1000 919 1078 962 num
1100 899 1275 982 genuinam

140 1019 170 1062 u.
193 1001 233 1064 27
238 1002 255 1064 7
279 999 419 1066 formam
440 1002 630 1080 restituerit,
654 1023 751 1085 quem
773 1001 818 1067 sic
841 1000 1047 1067 scribendum
1063 1019 1134 1064 esse
1149 1005 1275 1064 censet:

184 1102 313 1184 Atque
335 1110 456 1169 ortum
476 1106 586 1170 uitium
607 1106 779 1188 quicumque
801 1105 873 1174 duee
895 1104 1026 1186 concipit
1048 1108 1139 1168 erret.

140 1203 301 1269 distichon
323 1207 401 1271 mihi
423 1208 568 1273 nondum
589 1207 718 1272 uidetur
741 1228 813 1274 esse
837 1208 1052 1272 emendatum.

140 1307 183 1384 II,
206 1308 268 1374 371
293 1330 364 1392 sqq.

185 1409 271 1475 liius
291 1413 364 1494 ipso
386 1415 463 1495 quid
484 1421 528 1480 esi
549 1415 725 1500 attudss),
747 1416 811 1480 misi
833 1413 984 1492 oduitcru,
1006 1413 1044 1478 de
1065 1433 1129 1494 qum

228 1513 318 1578 Irdcr
340 1521 505 1582 amatorem
521 1540 634 1602 pupae
655 1520 815 1601 mrmuque
830 1516 925 1601 fuit?

189 1617 273 1696 Quid
288 1619 386 1698 prius
407 1626 451 1684 est
471 1621 544 1684 iiii
559 1622 695 1703 flammam
716 1620 953 1699 Briseidos,
975 1623 1093 1700 utque

230 1713 354 1784 Feeerit
374 1721 471 1786 iratos
491 1729 586 1804 rupta
602 1724 715 1805 puelia
737 1721 856 1788 duces?

142 1819 195 1882 illi
216 1819 265 1898 12³,
289 1819 406 1902 Guelf,
429 1823 502 1890 Vat.
524 1825 550 1904 I,
574 1825 641 1891 Pol.
665 1829 691 1904 I,
714 1826 782 1894 Pal.
807 1823 965 1902 11111111.
997 1859 1039 1872 -
1068 1821 1136 1888 iidie
1158 1820 1226 1889 Pal.
1249 1821 1276 1900 1,

187 1921 295 2002 Goth,
318 1925 446 2009 reliqui.
1074 1982 1077 1990 ,

145 2024 311 2092 Briseidos
324 2028 373 2107 L2,
398 2027 515 2109 Guelf,
539 2029 607 2095 Pal.
624 2033 667 2110 ΙΙ,
685 2034 790 2113 pauci.
806 2067 850 2077 —
868 2027 1024 2094 Griscidm
1039 2025 1154 2103 Goth.;
1181 2025 1278 2110 Cirp-

188 2127 288 2194 seidos
310 2129 377 2196 Pal.
402 2134 418 2197 I
441 2149 513 2196 cum
535 2131 677 2216 reliquis.

144 2234 238 2310 utque
259 2231 308 2310 11·,
331 2232 449 2312 Guelfi,
472 2235 545 2305 Vat.
573 2237 601 2314 I,
624 2234 693 2304 Pal.
715 2237 760 2314 II,
784 2234 877 2300 Vahi.
901 2271 943 2284 -
966 2239 1021 2300 aut
1051 2253 1131 2315 quoe
1151 2231 1221 2297 Pal.
1251 2230 1276 2311 I,

191 2330 298 2413 Goth,
321 2335 446 2419 reliqui.

146 2435 274 2501 codices
296 2437 357 2503 sibi
379 2445 538 2521 constant,
560 2461 625 2505 non
647 2444 797 2504 constant
820 2438 971 2517 editores,
995 2441 1060 2523 qui,
1084 2458 1157 2502 oum
1178 2437 1230 2503 iiii
1245 2441 1279 2504 ct

145 2544 237 2621 utque
252 2561 293 2604 ex
307 2540 356 2620 11³,
373 2541 479 2613 Guelf.
494 2548 555 2608 etc.
570 2543 738 2626 recipiant,
754 2543 926 2620 Briseidos,
942 2541 1030 2625 quod
1044 2541 1078 2605 in
1088 2541 1204 2606 iisdem
1214 2541 1278 2606 illis

146 2643 311 2708 codicibus
333 2652 448 2721 exstat,
470 2668 535 2711 uno
559 2668 717 2712 consensu
731 2645 889 2712 reiiciunt.
905 2665 1086 2728 perperam.
1109 2665 1175 2710 non
1189 2644 1280 2728 ,enim

146 2745 292 2825 interest,
317 2749 396 2829 quid
417 2751 521 2832 primo
535 2751 606 2814 Ioco
621 2755 791 2814 narratum
806 2749 857 2828 sit,
874 2749 932 2812 sed
949 2768 1032 2830 quae
1049 2767 1184 2827 summa,
1201 2746 1280 2830 quid

148 2856 374 2931 argumentum
384 2856 487 2918 totius
499 2855 650 2918 carminis
663 2857 715 2919 sit.
731 2855 958 2937 argumentum
970 2855 1080 2915 autem
1091 2850 1202 2916 Iliadis
1213 2869 1279 2914 non

149 2957 201 3028 est
215 2937 464 3035 Agamemnonis
486 2959 520 3020 in
536 2955 719 3040 Chryseida,
743 2956 803 3020 sed
817 2953 951 3018 Achillis
966 2953 999 3016 in
1013 2953 1164 3017 Briseida
1179 2972 1279 3031 amor,

147 3053 198 3118 ira
221 3056 289 3123 scil.
313 3057 353 3120 dc
375 3063 469 3139 rupto
484 3058 605 3140 pudic.
638 3057 683 3121 At
703 3063 796 3139 utque
810 3056 925 3139 jecerit
945 3055 1043 3119 mutos
1064 3061 1158 3136 raptu
1167 3055 1281 3137 puelia

147 3159 241 3223 duces
261 3159 348 3223 idem
377 3159 550 3244 significati
583 3182 671 3228 sane.
718 3158 851 3224 Ovidius
883 3158 945 3223 hoe
973 3157 1137 3222 distichon
1166 3158 1281 3223 eodem

147 3260 244 3325 modo
277 3264 458 3345 composuit
492 3270 591 3346 atque
614 3262 776 3347 permulta
799 3262 880 3327 alia:
904 3261 993 3344 quod
1014 3261 1204 3327 hexametro
1234 3261 1281 3325 le-

146 3366 230 3444 viter
251 3370 379 3430 tantum
402 3367 602 3452 significavit,
618 3368 652 3431 in
667 3370 871 3451 pentametro
887 3364 985 3448 plane
1001 3369 1179 3448 aperteque
1194 3364 1281 3430 dicit.

146 3463 189 3534 ef.
213 3465 266 3536 Tr.
288 3469 314 3547 1,
339 3470 368 3548 1,
391 3471 433 3535 53
457 3492 504 3553 sq.
532 3471 637 3536 Domec
659 3491 745 3535 mam
767 3489 878 3550 sospes,
901 3467 985 3532 tituli
1006 3467 1155 3550 tumgcbur
1168 3485 1280 3546 aurore,

193 3571 426 3654 Quaereudiquc
447 3576 524 3639 midi
546 3575 680 3639 mominis
701 3573 796 3638 ordor
817 3577 891 3636 erut.

147 3673 218 3736 Aa.
243 3671 284 3750 11,
308 3675 390 3751 347;
413 3677 455 3754 II,
479 3677 556 3752 2193
579 3677 604 3754 I,
627 3675 705 3752 349;
728 3675 753 3753 I,
777 3675 829 3740 33.
854 3674 1018 3738 adtotum
1034 3669 1281 3737 011111111Ηο-

68 3810 71 3814 ·
147 3796 236 3841 mero
258 3777 365 3842 locum
387 3778 428 3847 cf.
451 3778 673 3862 Priapei0rum
695 3799 792 3843 carm·
814 3776 963 3872 LXVIII.

222 3965 251 4036 ¹³)
274 3967 363 4022 Aliud
384 3969 437 4022 etsi
458 3969 558 4026 Invitus
581 3968 760 4022 revocandum
787 3983 846 4022 esse
871 3982 976 4032 censeo,
1000 3982 1060 4021 cum
1085 3964 1184 4034 turpis,
1210 3964 1282 4034 quod

148 4053 244 4108 Heius.
262 4054 406 4109 intextum
423 4055 531 4124 recepit,
545 4055 653 4108 omnino
666 4053 767 4108 nullam
780 4054 968 4108 auctoritatem
981 4053 1086 4116 habeat,
1101 4055 1128 4104 et
1146 4053 1238 4121 turpis
1250 4067 1283 4105 ex

149 4139 260 4194 Heroid.
278 4139 349 4193 XIII
366 4157 392 4194 v.
413 4141 475 4197 131:

186 4224 261 4292 Quid
273 4226 381 4294 petitur
399 4230 477 4280 tauto
494 4226 550 4279 misi
567 4227 658 4294 turpis
676 4224 804 4278 adultera
823 4223 913 4278 bello?

149 4310 261 4366 fluxisse
278 4312 408 4366 videatur.
427 4311 460 4366 cf.
478 4311 541 4364 Her.
559 4310 609 4376 IV,
629 4311 676 4365 34:
691 4310 772 4379 peius
789 4307 928 4365 adulterio
947 4309 1037 4378 mrpis
1055 4307 1165 4364 adulter
1182 4307 1265 4364 otest.

1079 4413 1096 4466 3
