3006 4986
784 346 827 411 36

240 549 327 615 unda
349 551 450 616 uentis
471 549 506 614 in
527 554 654 614 textum
675 549 807 615 fluxerit
829 551 857 616 si
880 554 952 634 quis
981 553 1119 634 quaerit,
1145 552 1256 616 rideat
1283 553 1385 618 locos

241 654 392 722 aLoers.
416 654 460 719 ad
481 655 613 724 Heroid.
636 655 678 734 11,
701 655 742 721 35
765 654 835 721 coll.

240 755 490 841 Mtffim

285 859 329 926 Er
350 880 423 942 qua
444 860 572 942 quasque
588 867 695 942 potest,
718 861 859 943 aliqua
881 861 967 927 melu
988 867 1094 927 neura
1117 862 1219 940 leuata,

328 964 446 1030 Fidum
462 964 599 1045 prolem
619 985 692 1029 neue
712 971 818 1049 nepote
840 986 974 1030 mortam.

241 1086 304 1150 qua
326 1067 455 1148 quisque
475 1064 525 1144 12⁸,
550 1064 656 1134 Guelf.
680 1072 739 1136 eto.
764 1107 806 1115 -
828 1089 922 1150 quum
944 1066 1012 1134 Pal.
1036 1067 1061 1148 I,
1083 1069 1190 1148 Rern,
1212 1070 1314 1136 multi.

111 1173 114 1176 ’
241 1169 350 1252 ulique
371 1169 421 1247 L⁸‚
446 1167 563 1248 Guelf„
585 1169 659 1240 Vat.
683 1170 708 1248 I,
732 1169 799 1238 Pal.
822 1171 847 1250 1,
871 1171 1096 1254 Rottendorp„
1128 1193 1168 1236 ex
1195 1193 1257 1255 quo
1285 1174 1380 1254 quod

241 1273 455 1356 paucissimas
477 1276 605 1337 tantum
627 1275 806 1355 scripturas
832 1279 982 1339 enotatas
1004 1274 1173 1355 habemns,
1206 1276 1309 1340 doleo.
1333 1311 1379 1322 -

161 1370 163 1374 ’
242 1397 294 1442 oro
315 1373 384 1443 Pal.
408 1373 423 1438 Ι
446 1378 504 1444 oto.
528 1379 638 1440 utrum
660 1397 723 1458 quo
745 1396 788 1440 an
810 1397 903 1458 quum
925 1381 1100 1461 genuinum
1118 1377 1171 1456 sit,
1195 1381 1287 1442 etsie
1304 1377 1378 1442 sola

244 1479 391 1544 codicum
413 1477 607 1543 auctoritate
631 1479 802 1545 diiudicari
823 1485 943 1563 potest,
973 1480 1237 1546 verisimillimum
1262 1487 1377 1545 tamen

243 1587 293 1646 est
309 1580 456 1645 Ovidium
479 1581 649 1664 scripsisse
672 1603 750 1664 qua·
770 1583 1018 1665 interpolatores
1043 1583 1128 1648 enirn
1150 1585 1193 1663 id,
1217 1583 1304 1668 quod
1324 1585 1377 1646 in-

243 1665 399 1748 solentius
412 1680 533 1749 dietum
545 1671 605 1763 est,
624 1685 794 1768 explicare,
810 1707 876 1751 non
888 1691 998 1752 autem
1009 1686 1143 1751 verbum
1154 1690 1260 1751 minus
1271 1686 1377 1750 usita-

215 1786 218 1816 '
241 1792 311 1850 tum
320 1805 379 1868 pro
391 1789 494 1871 magis
505 1787 627 1852 usitato
643 1808 762 1870 ponere
779 1789 893 1856 solent.
911 1787 952 1858 ef.
968 1789 1020 1853 Tr.
1038 1789 1063 1868 I,
1078 1790 1110 1868 9,
1126 1789 1185 1856 65:
1202 1810 1277 1872 qua
1285 1795 1377 1870 potes

238 1888 1375 1973 sucosa....,ubiquaenamaPal.1,rraenur;111‚14,7sq.:

284 1991 394 2073 Inane,
416 1993 462 2058 ra
476 1993 547 2075 fac,
570 2013 689 2075 quaese,
711 1999 816 2059 uuum
837 1995 972 2060 studiose
993 2015 1147 2080 auorum,

330 2096 493 2180 Quaque
508 2102 597 2177 potes
617 2097 713 2161 retiae
735 2117 846 2178 corpus
867 2099 902 2161 ur
923 2097 997 2161 wrbe
1017 2117 1126 2175 mewa,

242 2196 300 2263 ubi
322 2197 409 2263 solus
431 2184 543 2262 Berns
559 2219 654 2280 quum
681 2197 797 2275 habet3
826 2199 884 2279 ΙΠ,
914 2199 944 2278 7,
973 2198 1012 2265 51
1039 2205 1098 2265 eto.
1143 2198 1281 2264 Facilius
1309 2199 1375 2264 dis·

177 2351 202 2390 4
242 2303 331 2366 cerni
352 2305 471 2384 potest,
494 2306 604 2366 utrum
627 2323 679 2368 oro
701 2323 743 2368 an
765 2303 874 2386 eliqua
896 2308 1071 2388 genuinam
1097 2307 1215 2386 poetae
1243 2323 1375 2368 manum

242 2402 410 2488 praebeat.
443 2424 495 2469 oro
524 2404 608 2468 enim
637 2411 706 2469 tam
735 2405 869 2486 clarum,
902 2412 971 2471 tam
1006 2407 1213 2490 perspicuum
1245 2409 1304 2485 est,
1337 2410 1376 2469 ut

242 2508 332 2574 nulla
355 2511 449 2591 egeat
472 2506 693 2589 explicatione.
717 2513 830 2574 eontra
851 2530 916 2574 non
939 2515 989 2575 est
1010 2531 1067 2574 our
1089 2511 1244 2574 miremur
1265 2508 1374 2592 aliqua

243 2611 285 2676 ab
308 2609 451 2692 antiquis
472 2609 613 2675 librariis
635 2631 701 2674 non
724 2631 794 2676 esse
809 2611 1018 2690 intellectum,
1041 2633 1114 2676 oum
1130 2612 1229 2677 etiam
1243 2605 1372 2677 nostras

244 2714 364 2807 aetatis
386 2713 446 2778 viri
468 2713 555 2801 (loeti
576 2714 610 2776 id
631 2735 696 2778 non
717 2689 1119 2808 intellexerintllvariisque
1138 2694 1284 2780 renarint
1299 2735 1372 2778 oon·
1394 2761 1396 2765 -

244 2818 388 2884 iacturis.
423 2817 631 2882 nihilominus
654 2818 765 2900 ulique
793 2820 855 2884 hoc
884 2821 980 2884 modo
1010 2824 1205 2902 usurpatum
1234 2839 1373 2901 vereque

150 2999 153 3006 .
225 2920 436 2987 'Ouidianum
459 2941 528 2986 esse
552 2924 668 2986 docent
690 2922 752 2987 loci
775 2923 816 2987 ab
831 2921 973 3002 Heinsio,
996 2923 1192 3000 Burmanno,
1216 2922 1287 2987 aliis
1309 2921 1372 2986 ool-

242 3023 311 3102 lati,
334 3024 423 3089 velut
445 3045 484 3089 ex
506 3023 598 3089 Pont.
623 3026 663 3104 ΙΙ,
688 3025 717 3104 7,
741 3025 799 3091 35:

258 3199 269 3220 J
287 3128 428 3194 Adiuvat
449 3129 483 3192 ia
505 3129 596 3193 duris
618 3129 765 3212 aliqua
782 3130 964 3211 praeseutia
984 3129 1092 3206 rubea·

244 3251 284 3294 ex
298 3229 391 3298 Pont.
407 3229 449 3308 Π,
473 3231 502 3309 8,
525 3230 586 3296 52:
611 3231 792 3296 Praesentis
814 3232 954 3314 aliquo
969 3231 1074 3313 prosit
1095 3230 1206 3295 habere
1227 3230 1313 3308 dena·

113 3413 119 3418 ι
245 3351 285 3398 ex
300 3332 394 3398 Pont.
410 3332 467 3411 111,
484 3333 515 3412 4,
530 3333 588 3397 27:
611 3333 656 3398 Et
669 3355 777 3417 rapum
790 3335 903 3413 uultus,
923 3334 1095 3400 certissima
1104 3333 1244 3416 pipaoru
1258 3331 1372 3410 mentis,

651 3437 810 3504 quisseut
830 3437 974 3520 aliqua
988 3437 1131 3520 fustan
1152 3435 1236 3500 illud
1257 3453 1339 3516 opus.

119 3553 122 3560 '
243 3542 335 3622 patet
357 3537 457 3622 igitur
479 3559 544 3604 non
566 3539 676 3623 ulique
698 3541 756 3604 sed
778 3559 830 3606 oro
839 3539 877 3624 18)
895 3539 936 3606 ab
951 3539 1185 3622 interpolatore
1201 3541 1235 3603 in
1250 3540 1371 3603 textum

241 3640 410 3706 inductum
432 3662 513 3708 esse.
726 3624 743 3658 a

244 3745 270 3822 I,
294 3744 325 3822 9,
350 3745 388 3807 ΙἸ
412 3764 499 3827 sqq.:

293 3846 389 3930 thue
411 3868 508 3914 cernes
529 3849 636 3915 radios
652 3869 714 3931 per
735 3849 812 3915 solis
833 3848 973 3914 mutibus
994 3847 1105 3913 umbra
1127 3853 1179 3926 est,
1291 3887 1297 3896 ·

314 4102 345 4174 18)
363 4105 491 4160 Fortasse
509 4105 560 4158 fuit
584 4107 663 4160 antea
686 4104 830 4174 explicatio
854 4105 888 4160 al
911 4089 1098 4159 illustrandam
1122 4105 1265 4158 verborum
1291 4105 1374 4157 struo·

242 4194 330 4244 turam
356 4191 427 4244 inter
453 4191 538 4245 lineas
561 4191 705 4260 adscripta.
728 4195 799 4246 certe
821 4193 850 4245 in
869 4189 957 4246 (ineis.
982 4191 1049 4245 talia
1073 4192 1180 4259 saepius
1202 4189 1371 4242 inveniuntur

243 4275 318 4331 velut
336 4275 404 4344 dieo,
423 4275 491 4332 dicit
505 4282 598 4346 poeta,
611 4281 699 4346 poeta
717 4282 787 4344 orat,
800 4291 909 4347 precor,
928 4277 988 4332 alia.
