3006 4986
767 371 809 437 32

222 580 310 662 quod
332 579 488 657 Biusfeld,
513 579 568 660 qui
590 583 678 642 recte
700 579 786 642 hunc
812 578 918 642 locum
944 577 1188 660 interpretatur,
1218 577 1361 642 coniecit

221 683 441 761 tomitanam,
464 701 574 746 verum
597 681 649 759 sit,
672 701 737 744 non
761 680 913 750 diiudico.
936 681 1001 744 iana
1023 681 1143 746 dannan
1170 681 1257 763 apud
1284 681 1358 744 nul-

221 785 290 848 lum
311 786 439 849 videtur
460 784 595 848 inveniri
619 785 819 866 scriptorem,
842 785 904 847 nisi
925 785 1014 866 apud
1029 784 1137 862 Quint.
1153 783 1239 862 VIII,
1255 785 1286 863 2,
1303 785 1356 852 21.

222 887 263 966 ΙΙ,
289 889 328 952 13
352 908 421 970 sqq.

265 991 303 1056 Si
324 1011 472 1073 saperem,
495 992 600 1054 doctas
622 991 753 1055 odissent
774 991 843 1054 iare
865 1010 991 1068 3333333,

312 1094 456 1158 Nannia
479 1093 589 1158 cultori
605 1094 786 1174 perniciosa
807 1113 871 1156 sno.

266 1195 312 1260 At
333 1217 424 1274 nnnc,
447 1201 533 1261 tanta
554 1216 619 1260 nico
641 1216 738 1261 canes
760 1201 805 1262 331
825 1196 954 1261 insania
975 1195 1084 1274 norbo,

309 1298 398 1364 Sana
419 1299 566 1362 mainan
586 1299 689 1381 refero
710 1317 825 1363 rnrsns
846 1299 888 1364 ad
909 1298 972 1363 icta
989 1299 1107 1379 peden.

223 1400 405 1482 3331333111,
430 1399 536 1468 Guelf.
559 1421 587 1464 a.
611 1421 660 1482 pr.
683 1422 735 1478 m,
758 1399 831 1468 Vnt.
855 1400 880 1480 I,
903 1399 971 1464 Pol.
995 1401 1020 1478 l,
1043 1398 1111 1466 Pal.
1128 1399 1169 1478 11,
1192 1400 1265 1477 alii3
1293 1401 1356 1466 133-

224 1526 295 1570 snna
317 1503 412 1570 Goth.
437 1509 470 1568 et
492 1523 576 1567 unus
595 1503 684 1580 Vat.;
707 1525 820 1569 nonar
842 1502 943 1568 Pell
965 1523 1037 1567 cum
1059 1502 1233 1586 plerisque,
1256 1525 1357 1569 nean

223 1647 266 1657 —
288 1613 403 1690 aperta
424 1607 632 1690 interpolatio
654 1645 697 1654 —
718 1607 815 1670 Bern.
839 1628 911 1671 oum
933 1606 962 1670 X
985 1605 1057 1670 aliis
1082 1610 1115 1671 et
1130 1603 1237 1671 Guelf.
1261 1627 1290 1675 a.
1311 1627 1355 1670 m.

138 1705 139 1708 ’
222 1731 288 1776 rec.
313 1732 436 1797 aanor,
467 1711 529 1776 3131
556 1711 701 1795 intellegi
730 1716 848 1793 potest,
877 1729 1155 1793 supervacaneum
1183 1716 1241 1775 est.
1278 1710 1357 1792 quid

224 1819 442 1879 necessarium
465 1815 508 1880 311
531 1835 548 1878 3
571 1836 620 1879 vv.
644 1835 715 1897 sqq.

268 1917 393 1984 Scilicet
413 1924 448 1982 31
469 1919 600 1983 313133
620 1919 729 2000 repet't
748 1919 906 2000 gladiator
928 1938 1065 1997 arenant,

310 2021 355 2086 Et
375 2021 455 2087 redit
476 2022 511 2086 in
532 2023 670 2086 tnanidas
691 2022 890 2104 nanfrapa
906 2023 1029 2102 poppis
1051 2041 1150 2104 aanor
1259 2071 1261 2080 .

225 2129 373 2207 apparet,
397 2123 464 2190 soil.
488 2125 681 2188 adiectivum
696 2124 828 2206 aliquod
843 2125 893 2188 vel
907 2124 1123 2206 participium,
1147 2122 1235 2204 quod
1249 2121 1356 2186 verbis

223 2230 323 2292 victas
345 2232 378 2292 et
399 2227 561 2310 nansrapa
576 2228 783 2310 respondeat.
808 2225 977 2310 quaeritur
991 2227 1100 2311 igitur,
1115 2231 1225 2290 utrum
1238 2225 1358 2290 natam

224 2351 267 2395 an
290 2331 409 2396 lacsnrn
430 2331 606 2413 genuinum
629 2331 681 2400 sit.
706 2331 794 2414 quod
817 2351 1015 2414 quamquam
1039 2352 1056 2393 3
1079 2329 1149 2394 3313
1171 2329 1263 2395 codd.
1281 2349 1357 2392 auc-

223 2433 357 2499 toritate
386 2432 556 2498 diiudicari
584 2439 703 2517 potest,
733 2435 769 2498 id
801 2439 912 2498 tamen
944 2455 1038 2498 nemo
1071 2433 1204 2516 negabit
1238 2432 1393 2497 laesam.

224 2539 328 2620 magis
349 2536 498 2601 redolere
520 2537 804 2620 interpolationem
827 2558 925 2620 quam
939 2538 1067 2604 natan.
1091 2557 1172 2602 saxa
1186 2535 1253 2614 illa,
1272 2555 1356 2618 quae

224 2641 306 2724 pede
337 2639 403 2704 iota
436 2641 553 2723 pedem
585 2642 847 2720 adnoraverunt,
885 2645 1029 2706 carmina
1062 2640 1166 2706 Ovidii
1199 2639 1358 2706 amatoria

159 2819 163 2832 Ι
224 2749 301 2807 3331
324 2748 357 2807 31
378 2743 514 2808 maxime
537 2745 610 2812 Ars.
631 2767 713 2810 sana
734 2746 797 2810 icta
820 2748 849 2810 si
872 2745 944 2828 quis
964 2745 1100 2822 dubitet,
1124 2747 1204 2828 quin
1219 2743 1264 2807 sic
1278 2763 1355 2825 pos-

226 2846 269 2911 sit
290 2850 453 2928 usurpari,
476 2847 586 2912 videat
609 2847 686 2915 Met.
709 2848 793 2927 XIV,
817 2849 895 2914 379:

267 2948 292 3012 I
294 2955 358 3014 cta
374 2951 511 3032 pednan
532 2958 633 3016 nacta
654 2953 858 3034 trepidantem
880 2957 907 3016 31
928 2951 1027 3016 innita
1048 2956 1213 3034 panonnia

274 3053 351 3118 Visa
373 3053 493 3119 dedisse
514 3075 623 3120 333331
645 3063 689 3120 est
710 3057 918 3140 adapertaque
939 3055 1063 3119 ianna
1078 3054 1206 3136 faotnn

268 3155 442 3221 Praelatio.
466 3206 473 3220 .
497 3207 535 3220 ..

224 3260 266 3337 ll,
290 3257 354 3322 275
378 3279 450 3340 sqq.

266 3359 320 3425 Sic
341 3362 439 3444 igitar
462 3382 593 3442 carnan,
616 3369 700 3428 recta
722 3363 751 3427 si
773 3369 868 3430 niente
890 3363 1020 3446 lepatnr,

265 3549 267 3554 Α
315 3460 471 3528 Constabit
491 3464 574 3528 nolli
589 3485 684 3546 posse
705 3486 811 3530 nocere
832 3487 940 3530 333333.

266 3566 312 3632 Α1
333 3567 485 3651 quoddam
505 3569 615 3633 nitiarn
636 3569 805 3654 qnicnnqnc
827 3569 899 3634 dinc
922 3570 1052 3650 concipit
1075 3569 1132 3653 (.),
1154 3575 1246 3648 errat,

310 3669 354 3734 Et
375 3671 507 3735 nimian
528 3671 656 3753 scriptis
677 3678 843 3754 arropat
863 3672 918 3736 ille
939 3673 1024 3737 nicio.

224 3779 363 3856 arrogat
384 3771 433 3855 13,
458 3773 564 3838 Guelf.
590 3780 649 3840 etc.
672 3813 715 3820 -
738 3775 870 3857 abrogat
892 3775 959 3839 Pal.
983 3777 998 3839 I
1021 3796 1095 3838 cum
1109 3774 1273 3856 plurimis,
1296 3775 1360 3839 dc-

222 3883 313 3959 33331
344 3875 450 3944 Guelf.
482 3899 511 3943 a.
539 3897 600 3946 333.
629 3899 692 3954 m.;
722 3878 856 3943 detrahit
887 3877 982 3946 Bern.
1016 3877 1147 3941 ultimas
1181 3877 1357 3960 scripturas

223 3978 489 4060 interpolationes
513 4000 585 4045 3333
610 4002 648 4044 ex
669 3981 995 4063 interpretationibus
1018 3985 1113 4044 natas
1135 3981 1188 4045 vix
1204 3981 1358 4062 estquod

222 4101 380 4150 moneam.
403 4088 531 4148 restant
552 4083 652 4174 igitur
675 4089 803 4166 arrapat
825 4088 859 4146 31
880 4084 1018 4166 abrepat,
1042 4103 1178 4172 quorum
1192 4085 1283 4166 prius
1300 4104 1356 4166 ge-

223 4184 356 4248 nuinum
379 4207 451 4251 3333
474 4191 507 4250 31
527 4187 825 4269 interpretandum:
847 4187 979 4250 nininni
1000 4187 1107 4252 tribuit
1125 4187 1202 4252 aneis
1223 4187 1358 4267 scriptio,

223 4289 353 4353 noniano
374 4289 434 4354 illa
450 4295 629 4371 potestaten
651 4291 760 4355 dobere
775 4295 877 4372 pntat,
900 4291 982 4354 vidit
1005 4290 1189 4375 Madvigius
1219 4289 1358 4373 (advers
