3006 4986
752 374 796 443 54

210 578 329 750 guelf,
358 581 432 648 Vat.
460 582 485 661 I,
516 581 582 650 Pol.
612 582 627 648 Ῑ
655 604 727 648 eum
754 581 849 652 Goth.
878 582 1062 648 simultis:
1091 588 1126 648 at
1148 583 1346 668 faeiaatqae.

244 685 464 874 ’ffitsiaoa
488 791 621 872 mattea,
644 812 810 858 vaeaara
825 792 1010 876 fortasse
1025 791 1198 874 fuisset,

301 896 438 962 Nattara
460 897 586 981 iepisses
609 897 731 964 crimea
744 899 779 962 ia
800 903 867 963 arte
888 918 965 962 mea.

212 998 257 1063 sie
285 999 333 1064 Ι).
367 1004 512 1083 proxime
542 1001 667 1066 aceedit
694 1001 763 1071 Pal.
794 1001 827 1066 I:
856 1021 989 1066 vaeaara
1008 1001 1150 1083 fortasse
1173 999 1346 1082 faisses.

210 1102 244 1166 in
268 1101 374 1168 Guelf.
407 1110 526 1182 autem,
556 1105 590 1168 in
614 1104 685 1172 va.
719 1105 743 1183 Ι,
767 1104 833 1170 ΡοΙ.
857 1103 882 1183 Ι,
906 1104 973 1172 Pal.
997 1103 1029 1168 ΙΙ
1050 1103 1186 1186 iegitur:
1213 1123 1349 1167 aaaaam

211 1207 266 1272 tibi
290 1208 378 1289 sorte
403 1209 541 1292 faisset;
574 1208 702 1294 langius
730 1209 852 1273 recedit
875 1207 972 1274 Goth.
994 1227 1128 1273 aaeaara
1149 1207 1204 1272 tibi
1225 1213 1348 1287 tempas

209 1311 336 1376 adesset.

209 1414 460 1498 111,1,47sq.

258 1515 364 1583 Oaasa
386 1519 598 1600 superpositae
620 1519 735 1601 scripto
756 1525 902 1587 testata
925 1539 1051 1584 aaaaae

296 1620 439 1688 Servatas
462 1624 542 1688 aiaes
562 1624 681 1688 iaaiieat
703 1625 797 1688 haias
819 1644 881 1706 ape.

210 1731 320 1791 testata
343 1725 462 1805 Guelf.‚
490 1725 558 1791 Pol.
587 1726 612 1805 I,
636 1726 703 1794 Pal.
733 1727 774 1806 II,
806 1725 909 1810 pauci.
933 1765 974 1774 -
997 1731 1123 1790 testaate
1149 1722 1197 1802 ΙΙ,
1227 1723 1295 1788 Pal.
1319 1723 1347 1801 I,

209 1829 314 1894 XXIV
338 1830 403 1909 alii,
433 1835 511 1900 vett.
543 1831 615 1897 edd.
638 1837 748 1897 testata
769 1833 899 1896 videtur
922 1850 992 1895 esse
1015 1829 1199 1914 genuinum.
1244 1827 1282 1892 ei.
1307 1848 1349 1890 ex

209 1934 303 1998 Pont.
327 1934 384 2014 HI,
410 1938 439 2014 1,
463 1936 521 2000 93:

255 2039 341 2104 Nota
362 2045 417 2104 taa
440 2047 483 2104 est
500 2040 642 2122 probitas
664 2045 885 2120 testataque
906 2045 1027 2120 terapas
1048 2039 1083 2101 ia
1105 2057 1198 2100 araas.

211 2163 250 2206 ex
272 2142 366 2208 Pont.
391 2143 446 2222 IV,
471 2145 500 2222 7,
524 2143 583 2208 53:
606 2182 648 2190 --
670 2183 713 2192 —
734 2149 957 2224 testataque
978 2147 1098 2222 tempas
1118 2141 1153 2205 ia
1174 2159 1260 2205 arrae

254 2246 335 2312 Saat
356 2253 420 2327 taa,
451 2247 595 2326 Vestalis,
619 2248 755 2312 earmiae
773 2247 864 2326 faeta
885 2266 956 2310 raea

210 2348 288 2414 Met.
312 2351 356 2429 ΙΙ,
379 2351 443 2416 472
467 2372 516 2434 sq.
540 2356 600 2419 ete.

209 2452 457 2537 OEQQQ

167 2585 171 2590 ·
255 2557 323 2624 Nee
344 2561 498 2625 mandata
520 2557 625 2623 dato?
647 2577 702 2623 aee
724 2577 794 2624 aare
817 2557 952 2622 elamore
976 2576 1119 2638 saprerao

299 2661 455 2727 Labeates
478 2660 586 2726 acatos
609 2660 740 2726 eoadet
763 2661 866 2725 ararica
887 2659 1027 2725 aranas?

211 2763 319 2829 sordet
346 2762 395 2842 ΙΙΙ,
424 2762 492 2828 Pal.
527 2765 551 2841 Ι,
587 2762 651 2827 alii.
682 2800 724 2811 -
754 2763 877 2831 elaadet
908 2760 1025 2840 Guelf„
1053 2760 1121 2830 Pol.
1154 2760 1179 2838 Ι,
1207 2758 1275 2822 Pal.
1303 2757 1348 2836 ΙΙ,

210 2865 354 2932 fortasse
377 2867 476 2932 etiem
497 2865 572 2934 vat.
594 2865 619 2934 Ι.

212 2967 269 3049 ΙΠ,
293 2971 323 3048 3,
348 2969 386 3033 71
412 2991 461 3052 sq.

256 3074 397 3156 ansqae
419 3073 500 3156 tepet
521 3092 630 3138 versas
652 3071 738 3136 orato
754 3077 942 3154 properaate
962 3071 1071 3150 aiatar,

301 3175 484 3242 Graariibas
505 3177 540 3240 ia
561 3175 706 3241 taraali
727 3195 879 3240 marmore
902 3175 992 3239 aaate
1013 3174 1102 3240 aetis.

212 3278 258 3343 sie
290 3272 379 3344 reete
403 3279 507 3346 Guelf.
542 3301 615 3343 cum
649 3278 804 3361 plurimis,
850 3278 890 3341 La
912 3298 985 3340 eum
1006 3275 1123 3341 Hamb.
1147 3274 1283 3340 etalio:
1311 3276 1347 3339 ia

211 3382 303 3461 titali,
327 3384 415 3464 quod
438 3403 456 3446 e
478 3404 505 3448 v.
530 3382 569 3447 77
592 3382 656 3446 hue
678 3379 809 3445 fluxisse
831 3382 970 3449 ridetur.
1259 3387 1264 3395 “

253 3485 309 3564 IV,
333 3486 364 3564 3,
389 3489 429 3552 19
453 3507 501 3568 sq.
523 3487 565 3548 ΙΙ
587 3505 660 3549 eum
682 3484 810 3566 paucis:
1297 3557 1299 3562 ,

262 3589 406 3655 Vattibas
426 3584 573 3655 itta'tais
593 3595 751 3670 tamqaara
767 3587 1003 3669 praeseptis
1024 3586 1222 3665 inhaeret,

301 3693 401 3776 Teaae
421 3699 536 3758 remota
552 3691 676 3774 procat,
699 3692 728 3756 si
749 3692 836 3757 morta
857 3691 939 3770 vivit,
962 3695 1054 3756 apat.
1247 3701 1253 3708 “

212 3796 340 3880 reliqui,
364 3796 574 3880 quiquidem
597 3794 677 3860 setis
699 3795 769 3860 noti
792 3799 877 3876 sunt,
894 3793 1112 3876 praesentibus
1127 3793 1239 3872 haeret,
1261 3790 1349 3874 quod

187 3951 189 3956 .
212 3901 350 3966 latinum
373 3920 533 3966 essenon
556 3901 662 3968 ereda.

255 4003 311 4084 IV,
334 4007 365 4084 4,
389 4005 448 4070 28:
470 4004 510 4068 La
532 4024 606 4067 eum
627 4001 695 4071 Pal.
719 4003 736 4067 I
759 4008 791 4068 et
813 4003 902 4069 aliis:

255 4107 324 4174 Hae
348 4114 449 4174 aerte
469 4107 552 4173 aeti
574 4106 783 4186 dissipatae,
800 4112 901 4188 pater.

215 4209 331 4292 Guelf,
355 4209 428 4278 var.
452 4214 478 4291 I,
501 4211 570 4281 Pol.
593 4213 620 4290 I,
643 4209 710 4274 Pal.
735 4209 767 4275 II
788 4209 853 4274 reati
876 4215 961 4288 certe,
997 4211 1095 4291 quod,
1118 4229 1191 4272 eum
1214 4212 1292 4272 aerte
1306 4208 1350 4272 ad

213 4315 277 4396 toa,
299 4335 365 4380 non
388 4316 431 4380 ad
453 4314 518 4380 aeti
540 4317 713 4397 pertineat,
737 4313 869 4396 probari
891 4315 1014 4396 nequit.
