3006 4986
769 345 813 412 44

226 549 265 628 V,
289 549 318 628 1,
343 549 382 614 17
407 569 455 632 sq.

268 654 384 737 Aptior
405 655 478 722 leuto
501 655 617 722 Gallus
638 657 803 740 auosque
826 656 1009 740 Propertius
1031 659 1095 724 oris

310 757 363 823 Et
377 759 537 842 plures,
560 779 729 842 quorum
751 761 914 827 uomiuo
935 781 1080 844 ruopuo
1101 762 1238 844 uipeut.

226 862 272 925 sic
293 859 327 924 in
342 859 410 932 Pu
435 862 460 938 1,
477 860 529 940 ΙΙ),
552 859 660 940 Goth„
676 861 805 941 Hamb,
820 867 937 929 ceteris
953 863 1021 928 fere
1037 862 1187 929 omnibus
1202 866 1366 946 seriptum

227 969 291 1043 est,
313 983 387 1028 oum
408 963 442 1028 in
465 963 583 1044 Guelf„
606 964 680 1030 Vat.
703 963 728 1043 Ι,
751 964 867 1044 P01.1,
890 965 957 1032 Pal.
981 966 1023 1045 ΙΙ,
1046 967 1173 1033 duobus
1195 967 1311 1051 ignotis

269 1068 408 1149 optior,
430 1067 624 1152 iupeuiuru
646 1088 754 1149 some,
777 1069 954 1136 Tibullus
976 1071 1051 1136 erit

226 1175 342 1238 exstet.
365 1171 406 1234 de
429 1171 609 1254 ,pupeuuuu
631 1176 738 1238 oome“.
754 1193 783 1240 v.
799 1170 909 1240 Heius.
933 1172 1021 1255 adh.
1037 1172 1058 1238 l.
1074 1193 1283 1256 nequaquam
1300 1171 1364 1236 ub-

226 1272 359 1339 surdam
383 1293 455 1338 esse
479 1272 586 1338 Guelf.
610 1277 804 1356 scripturam
827 1277 927 1340 etiam
948 1275 1051 1342 Merk.
1075 1275 1214 1353 fatetur3
1244 1275 1363 1341 nihilo-

225 1379 330 1440 minus
364 1395 436 1441 eam
466 1379 571 1442 reiicit
591 1376 659 1446 Pal.
681 1377 696 1442 Ι
721 1377 914 1444 auctoritate
936 1384 1053 1446 motus.
1077 1399 1176 1462 quam
1199 1399 1271 1443 oum
1291 1379 1360 1443 iam

225 1479 350 1544 nullam
373 1498 443 1544 osse
465 1479 651 1558 viderimus,
675 1480 754 1545 nihil
778 1481 899 1560 obstat,
920 1482 1092 1565 quominus
1112 1482 1199 1547 hune
1220 1503 1358 1561 versum,

226 1603 323 1667 quem
344 1585 527 1667 graviorem
549 1588 582 1648 et
604 1581 717 1648 Ouidio
740 1584 919 1668 digniorem
941 1605 1011 1652 esse
1033 1605 1128 1651 nemo
1154 1588 1294 1670 negavit,
1321 1585 1360 1649 in

225 1691 351 1751 textum
365 1687 568 1769 recipiamus,
591 1686 677 1766 lieet,
693 1687 838 1753 codicum
852 1688 929 1754 fidei
948 1690 976 1754 si
990 1689 1071 1754 nihil
1083 1688 1268 1767 tribuimus,
1283 1709 1359 1753 eum

226 1790 401 1876 genuinum
417 1809 488 1855 esee
504 1789 601 1882 sertis
613 1791 812 1874 argumentis
825 1792 1040 1857 demonstrari
1050 1796 1201 1875 nequeat.
1225 1791 1360 1871 assedit,

227 1898 316 1982 quod
330 1899 486 1976 ridemus,
510 1898 588 1980 quid
602 1897 868 1980 interpolatorem
882 1900 1027 1975 moverit,
1043 1901 1080 1961 ut
1093 1916 1212 1962 novum
1226 1897 1363 1962 adderet

129 2009 130 2012 ’
226 2022 370 2068 versum:
403 2023 476 2066 oum
508 2007 607 2084 poeta
638 2006 770 2084 pergat:
804 2002 908 2084 Atque
929 2003 1053 2068 utiuom
1074 2020 1202 2067 numero
1223 2021 1279 2065 uos
1300 2019 1362 2064 uou

228 2126 366 2173 essemus
380 2093 493 2185 iu'illo,
510 2104 670 2187 quaesivit
683 2105 909 2188 interpolator,
930 2106 1019 2187 quod
1033 2103 1210 2168 Merkelius
1224 2103 1362 2167 miratur

138 2243 151 2262 ·
224 2211 412 2293 posteriores
444 2229 506 2274 uou
538 2208 746 2290 quuouoisse:
778 2215 896 2274 reeteue
929 2208 1082 2276 diceretur
1105 2206 1238 2284 Ouidius
1265 2206 1363 2270 trium

227 2313 353 2380 illorum
375 2330 503 2379 uumero
524 2312 635 2392 iuesse,
659 2317 799 2377 esseutuo
822 2316 884 2376 tres
906 2321 1056 2376 uumerus
1080 2309 1211 2378 dissueti.

228 2415 267 2496 V,
292 2417 321 2495 1,
345 2416 387 2482 23
410 2435 459 2498 sq.

135 2509 137 2516 ’
272 2518 363 2603 Quod
383 2523 527 2600 superest
549 2517 701 2584 euiuos
724 2517 767 2582 ool
782 2517 913 2598 publicu
936 2515 1080 2582 earmina
1095 2516 1186 2596 flexi,

315 2621 362 2688 Et
381 2641 532 2687 rueruores
552 2621 636 2686 iussi
656 2621 792 2686 uuuiuis
814 2639 882 2685 esse
903 2620 964 2686 mei
986 2619 1052 2705 (vel
1073 2618 1149 2704 sui).

230 2725 353 2792 autuos
380 2722 498 2802 Guelf,
525 2722 594 2789 Pol.
616 2722 641 2801 I,
664 2721 749 2788 Med.
772 2722 798 2801 Ι,
820 2722 990 2799 Rottend.;
1019 2724 1159 2789 autunum
1181 2719 1255 2786 Vat.
1282 2720 1362 2784 I—

272 2827 370 2892 sooios
391 2825 444 2905 ΙΙ),
466 2825 534 2896 Pal.
557 2824 582 2903 I,
607 2824 713 2904 Goth,
736 2824 864 2904 Hamb,
887 2825 1013 2908 reliqui.

230 2931 282 2997 sui
312 2927 431 3009 Guelf,
459 2929 527 2994 Pol.
557 2930 583 3008 I,
610 2927 696 2994 Med.
724 2927 751 3007 Ι,
780 2927 853 2993 Put.
880 2964 920 2978 -
947 2928 1009 2994 urei
1034 2927 1087 3006 Lb,
1114 2926 1181 2993 Pal.
1205 2927 1231 3006 1,
1255 2925 1361 3006 Goth,
1480 2961 1481 2988 t

230 3032 360 3113 Hamb„
383 3031 511 3116 reliqui,
535 3035 635 3097 etiam
658 3030 764 3100 Guelf.
788 3053 861 3095 oum
883 3031 957 3096 vel.

318 3135 559 3201 Sententiarum
573 3155 677 3200 nexus
692 3133 744 3198 hie
761 3139 826 3200 eet:
847 3133 933 3198 adde
948 3132 1035 3197 huns
1049 3132 1193 3198 libellum
1208 3137 1364 3216 quattuor

230 3240 428 3324 praemissis,
462 3260 538 3305 nam
570 3238 623 3302 hie
651 3258 782 3320 quoque
804 3237 881 3302 talis
904 3243 965 3316 est,
990 3235 1097 3320 qualis
1120 3235 1254 3302 fortuna
1274 3258 1364 3302 mea:

231 3344 336 3408 dones
369 3343 497 3426 integer
530 3346 564 3405 et
589 3341 697 3406 laetus
722 3361 821 3419 eram,
843 3340 932 3406 laeta
954 3347 987 3406 et
1008 3339 1160 3404 iuvenilia
1181 3340 1256 3419 lusi,
1278 3361 1363 3405 nune

231 3445 321 3530 piget
349 3466 401 3510 me
428 3443 509 3509 talia
537 3441 716 3526 scripsisse.
762 3462 886 3525 poenas
918 3445 1003 3507 enim
1036 3443 1122 3521 dedi,
1152 3442 1365 3528 ,Scythicique

230 3551 266 3615 iu
281 3549 404 3634 fluibus
425 3547 507 3614 Istre'
528 3545 593 3612 Ille
615 3545 794 3630 plooretreti
822 3545 909 3612 lusor
931 3546 1048 3612 ouoris
1069 3546 1182 3614 ueste
1227 3547 1294 3612 iam
1314 3565 1365 3611 se-

232 3657 377 3736 quuntur
398 3673 448 3721 vv.
471 3634 527 3730 illi,
553 3669 635 3733 quos
659 3669 760 3732 supra
782 3648 888 3728 attuli,
912 3653 1033 3732 quique
1054 3649 1089 3713 in
1109 3649 1161 3728 Lb,
1185 3649 1252 3715 Pal.
1269 3651 1286 3716 Ι
1305 3653 1365 3714 eto.

233 3758 279 3821 sie
301 3755 415 3839 scripti
437 3759 531 3819 sunt:

278 3858 366 3942 Quod
386 3863 527 3940 superest
547 3856 687 3922 sotios
708 3856 751 3921 ool
767 3854 899 3938 publiea
921 3856 1063 3921 eurruiuu
1079 3855 1168 3938 flexi,

318 3961 364 4027 Et
384 3980 530 4026 rumores
551 3959 633 4025 iussi
653 3960 788 4025 uouiuis
809 3979 875 4024 esse
896 3960 964 4024 uei.

232 4065 295 4131 hoo
317 4063 421 4130 Merk.
444 4067 480 4127 in
502 4062 553 4128 ed.
576 4062 679 4129 Reim.
703 4062 749 4127 sie
770 4065 1023 4144 interpretatur:
1044 4062 1080 4127 iu
1095 4066 1256 4144 posteriue
1271 4059 1367 4142 effeti,

233 4174 268 4234 ut
291 4173 397 4250 poetae
424 4168 603 4238 metrosus
637 4185 784 4231 ueruues
805 4164 936 4246 publico
966 4165 1140 4230 seribereut.
1190 4164 1279 4247 quod
1308 4163 1369 4227 etsi

233 4269 344 4338 Riesio
366 4269 541 4355 probatum
556 4289 628 4336 esse
648 4269 752 4348 video,
769 4268 853 4335 duae
868 4267 1073 4351 potissimum
1088 4287 1207 4334 causae
1223 4265 1365 4344 obstent,
