3006 4986
648 365 730 433 ‚19

186 575 221 641 si
242 575 286 641 Lb
307 596 386 640 non
408 574 691 658 interpolatus
715 579 796 654 est,
819 573 938 639 nulla
960 571 1066 638 fides
1086 571 1278 638 habende

231 682 294 745 cst
316 678 356 742 It*
378 677 675 762 similibusque.
1205 769 1206 773 Ἰ

188 785 329 846 ducem
350 780 594 864 primarium
617 782 649 846 si
672 781 884 866 sequimur
902 781 951 860 lr,
979 778 1114 849 Guelf.
1138 777 1275 845 etht

231 884 310 949 Iet
332 888 401 967 qui
422 883 507 949 illis
530 884 692 950 similes
722 889 838 962 sunt,
867 882 1185 950 fundamentum
1210 903 1276 948 re·
1355 906 1366 936 ·

230 988 437 1054 censionis
460 1008 553 1053 esse
576 987 739 1065 debent,
762 986 1000 1070 ubicunque
1023 987 1063 1051 [r
1085 987 1211 1052 deest.

188 1093 327 1157 ducem
360 1090 599 1173 primarium
633 1091 666 1156 si
699 1093 925 1174 sequimur
946 1091 999 1170 Lb,
1031 1091 1073 1154 in
1105 1089 1276 1174 reliquis

230 1195 632 1278 Tristiumpertibus
649 1195 727 1264 Pel.
740 1195 766 1275 I,
782 1194 908 1274 Goth,
924 1194 1134 1280 Hamburg.
1147 1199 1276 1260 testes
1335 1243 1337 1248 -

231 1296 457 1362 adhibendi
472 1303 564 1363 sunt
577 1298 694 1382 plane
708 1297 904 1384 neglectis
923 1297 973 1377 Lt,
988 1296 1091 1366 Vntic.
1107 1297 1133 1376 I,
1150 1295 1275 1366 Guelf.

229 1399 365 1464 Exsistit
379 1400 479 1484 igitur
493 1401 651 1484 quaestio,
666 1401 733 1466 utri
747 1403 893 1466 ecdicum
907 1400 1049 1467 familiae
1064 1399 1162 1464 fidem
1176 1399 1277 1466 habe·
1320 1420 1335 1448 0

144 1523 247 1581 umus,
270 1502 336 1566 utri
359 1501 565 1588 denegemus
589 1503 679 1586 qnod
699 1503 790 1568 haud
810 1506 859 1569 ita
885 1503 1015 1568 difficile
1045 1502 1173 1568 videtur
1201 1523 1276 1569 esse

143 1606 187 1670 ad
208 1605 458 1684 diiudicandum,
483 1606 657 1672 dummodo
674 1607 810 1672 alterius
826 1606 968 1673 familiae
984 1608 1161 1688 scripturas
1176 1605 1275 1689 paulo

143 1707 328 1792 diligentius
350 1709 394 1774 ed
422 1709 558 1775 alteram
586 1711 835 1793 perpendemus.
865 1710 928 1775 hoe
957 1708 1055 1775 tertio
1085 1709 1191 1792 cupite
1219 1709 1277 1774 fiet

142 1814 200 1889 ita,
211 1817 249 1876 ut
263 1815 400 1894 priore
417 1817 485 1878 eius
497 1817 591 1896 pa'rte
603 1814 833 1880 auctoritatem
842 1813 892 1892 ir,
909 1811 1025 1887 Guelf„
1037 1811 1109 1882 Vct.
1122 1811 1147 1890 1,
1163 1811 1231 1877 Pol.
1249 1813 1274 1892 I,

133 1914 211 1979 Pal.
227 1914 257 1978 Π
272 1915 417 1997 probem,
433 1915 617 1981 confirmem
633 1916 766 1980 altere
780 1937 820 1980 nc
842 1917 876 1980 in
896 1917 943 1980 eis
965 1915 1096 1998 quidem
1114 1915 1275 1997 partibus,

124 2021 130 2028 '
144 2016 201 2080 ubi
216 2015 255 2079 m
272 2019 374 2097 deest,
390 2019 491 2084 ullam
506 2039 576 2084 esse
592 2019 660 2086 Pel.
676 2019 701 2099 I,
717 2019 769 2098 Ll,
785 2018 883 2090 Goth.
898 2019 997 2084 fidem
1012 2017 1274 2084 demonstrando.

688 2190 774 2260 A,

233 2327 304 2404 Qua
333 2330 368 2390 in
395 2347 430 2392 re
460 2327 597 2411 gaudeo,
627 2330 715 2410 quod
743 2328 834 2394 haud
862 2348 938 2393 roro
967 2327 1090 2394 talibus
1118 2325 1197 2392 locis
1226 2330 1275 2390 uti

142 2449 285 2510 possum,
309 2429 350 2493 de
373 2451 509 2512 quorum
531 2433 693 2514 scripture
715 2433 803 2514 apud
826 2431 966 2498 editores
988 2431 1055 2495 iam
1076 2429 1166 2494 nulla
1181 2429 1275 2494 dubi-

141 2532 223 2596 tatio
246 2536 298 2598 sit.
321 2534 391 2611 hoe,
413 2534 490 2598 licet
510 2534 701 2616 plerumque
724 2533 878 2599 levissimi
900 2536 974 2611 sint,
997 2533 1047 2596 vel
1066 2535 1186 2615 potius,
1202 2553 1275 2597 eum

142 2635 331 2718 plerumque
342 2635 498 2702 levissimi
509 2640 583 2716 sint,
596 2641 658 2702 etsi
668 2659 733 2702 non
749 2658 861 2702 omnes
873 2642 1018 2702 attamen
1030 2638 1111 2702 satis
1122 2656 1274 2720 magnum

142 2758 312 2803 numerum
334 2742 438 2822 primo
460 2739 531 2805 loco
555 2760 692 2824 appono.

694 2931 724 2976 a.

18 3127 20 3130 Ι
143 3045 187 3122 ΙΙ,
210 3043 271 3109 511
296 3066 366 3130 sqq.

185 3147 275 3214 Haec
297 3150 353 3232 (se.
377 3149 487 3215 mimos
507 3150 635 3218 obseeac
656 3151 806 3234 iocaates)
828 3155 862 3216 ta
884 3151 1028 3232 spectasti
1049 3148 1275 3232 speculaeque

142 3269 234 3332 saepe
255 3251 430 3317 dedisti-
936 3263 941 3275 “

228 3353 385 3421 Maiestas
407 3357 482 3431 adeo
505 3357 600 3422 comis
620 3356 730 3439 abiqm
751 3363 807 3423 aaa
828 3363 872 3422 est
893 3394 936 3403 -

185 3455 429 3541 comatumque
449 3459 520 3537 tais,
543 3465 622 3524 totas
644 3459 755 3541 quibas
776 3459 874 3525 atitar
896 3458 985 3538 orbis,

228 3559 359 3626 Sceaica
379 3562 486 3627 vidisti
508 3563 634 3628 ieatas
656 3563 825 3629 adulteria.

142 3663 250 3729 lentas
261 3663 310 3742 L⁵,
334 3663 449 3744 Gueli,
473 3663 540 3730 Pal.
557 3667 598 3744 Il,
621 3665 667 3730 IV
683 3665 783 3730 eutV
799 3665 854 3730 alii
868 3704 912 3714 -
927 3665 1026 3730 laetas
1041 3664 1108 3734 Pal.
1124 3665 1150 3743 I,
1167 3663 1274 3745 Goth,

141 3767 266 3848 reliqui.
291 3768 424 3833 laetas
443 3767 516 3851 fere
541 3769 754 3851 exprobrantis
785 3789 849 3836 esse
874 3765 1019 3852 Aayasto
1045 3769 1231 3851 uoluptatem
1260 3791 1276 3834 e
1338 3840 1341 3846 ,

140 3871 271 3936 scenicis
304 3871 468 3936 adulteriis
491 3877 614 3953 captam
635 3877 711 3954 epte
733 3877 843 3938 monet
857 3871 967 3940 Burm.
983 3871 1027 3937 ad
1045 3872 1078 3940 h.
1096 3873 1117 3938 l.
1139 3872 1181 3938 de
1202 3872 1276 3938 ieati

140 3974 289 4039 vocabuli
311 3975 343 4039 vi
366 3980 399 4040 et
420 3995 481 4040 usu
503 3997 532 4040 v.
554 3975 663 4041 Loers.
688 3975 732 4039 sd
754 3975 811 4046 Ov.
834 3975 966 4042 Heroid.
989 3974 1059 4055 XV,
1084 3977 1156 4044 169.

139 4075 198 4155 ΠΙ,
224 4078 252 4154 1,
276 4077 319 4142 59
341 4097 389 4160 sq.

184 4179 265 4244 Iade
286 4186 410 4245 terrore
426 4183 505 4264 pari
524 4181 676 4265 qradibas
697 4181 845 4248 sabiiaia
867 4181 958 4248 celsis

227 4279 336 4349 Decor
357 4285 400 4350 ad
420 4285 535 4350 meaa
557 4287 692 4352 ceadda
714 4285 828 4367 tempta
849 4286 906 4350 dei.

1068 4403 1103 4464 2,
