3006 4986
258 1211 412 1276 Codicum
433 1211 585 1288 omnium,
607 1213 769 1292 quotquot
791 1213 958 1275 'Pristin
980 1213 1198 1276 ovidiana
1219 1232 1305 1278 oom-

171 1313 367 1397 plectuntur,
399 1314 556 1396 optimum
590 1333 660 1379 esse
693 1313 933 1378 Palatinum
954 1314 978 1379 I.
1011 1319 1088 1396 post
1119 1315 1305 1397 praeclaras

171 1416 318 1483 Merkelii
341 1439 371 1486 a.
394 1415 692 1482 MDCCCXXXVII
713 1437 808 1482 curas
832 1438 954 1495 eorum,
977 1417 1033 1500 qui
1053 1417 1142 1482 hisce
1157 1420 1306 1484 carmini-

171 1520 233 1585 bus
256 1527 290 1586 et
305 1521 516 1586 emendandis
540 1527 573 1585 et
587 1521 845 1602 interpretandis
868 1541 1001 1603 operam
1016 1521 1187 1601 dederunt,
1203 1543 1305 1605 usque

173 1624 216 1688 ad
238 1623 299 1689 hos
322 1630 453 1689 nostros
477 1622 546 1687 fere
570 1644 673 1688 annos
696 1643 790 1689 nemo
813 1643 879 1712 non
901 1643 1096 1706 persuasum
1116 1624 1241 1692 habuit.
1366 1607 1368 1620 ’

136 1811 140 1816 “
259 1725 379 1792 Contra
401 1726 533 1809 quidem
555 1727 711 1810 pugnavit
732 1726 924 1809 boensius,¹)
947 1748 1013 1792 non
1035 1728 1122 1792 omni
1150 1734 1306 1812 exparte

171 1829 299 1908 iniuria,
322 1830 382 1895 sed
404 1829 537 1910 frustra,
561 1831 650 1913 quod
668 1851 733 1894 non
753 1832 870 1893 mirum
886 1849 957 1894 esse
972 1851 1067 1896 nemo
1083 1831 1226 1916 negabit,
1242 1833 1307 1898 nisi

172 1936 201 1998 si
224 1935 297 2015 quis
320 1932 470 1998 omnibus
493 1933 669 2012 codicibus,
700 1932 777 1997 licet
799 1932 1010 1997 diversissimi
1033 1926 1108 2012 sint,
1138 1939 1171 1998 et
1200 1935 1306 2000 diver-

172 2036 316 2100 sissimos
344 2055 416 2100 esse
438 2035 507 2100 Pal.
529 2035 546 2098 I
575 2041 608 2098 et
630 2033 1013 2119 Guelferbytanum
1043 2035 1156 2102 statim
1182 2037 1306 2103 videbi-

172 2159 255 2217 mus,
279 2139 416 2203 eandem
438 2137 645 2206 tribuendam
667 2157 739 2202 esse
761 2139 990 2203 auctoritatem
1012 2138 1074 2202 sibi
1094 2142 1305 2222 persuaserit.

258 2240 306 2308 Ne
328 2241 363 2304 id
385 2242 525 2322 quidem,
549 2241 637 2323 quod
658 2239 834 2307 Merkeiius
855 2243 927 2323 ipse
950 2241 1118 2324 aliquanto
1134 2263 1156 2307 a
1175 2249 1306 2310 senten-

171 2345 220 2410 tia
242 2365 303 2410 sua
324 2345 457 2423 recedit,
481 2345 559 2427 quin
583 2345 681 2409 etiam
703 2365 819 2408 novam
842 2345 1004 2409 veterrimi
1027 2345 1111 2412 alius
1128 2347 1306 2434 optimique

173 2449 292 2514 codicis
322 2447 386 2512 fide
418 2451 609 2531 castigatam
641 2447 815 2512 editionem
825 2446 851 2534 2)
881 2447 1038 2530 promisit,
1071 2449 1180 2515 Pal.I
1209 2451 1306 2518 fidem

170 2551 389 2630 labefactavit,
399 2551 425 2636 ³)
448 2554 642 2634 pracsertim
664 2572 737 2616 cum
765 2551 883 2616 codicis
906 2551 1177 2618 Laurentiani
1208 2591 1247 2604 -
1277 2558 1306 2620 is

174 2657 260 2720 enim
281 2661 375 2720 vetus
397 2655 452 2719 ille
475 2657 578 2720 codex
601 2661 651 2719 est
674 2692 713 2702 -
738 2655 855 2738 exigua
875 2659 1005 2718 tantum
1026 2661 1122 2738 parte
1144 2659 1193 2722 uti
1210 2663 1306 2740 potu-

171 2763 263 2838 isset,
288 2759 464 2841 scripturas
487 2761 753 2822 communicasset
776 2757 983 2844 1616661160.

258 2862 381 2947 Viginti
403 2861 542 2944 denique
565 2863 658 2927 annis
678 2867 753 2945 post
773 2861 899 2926 Riesius
922 2867 1057 2944 accepta
1077 2862 1306 2946 intcgrailiius

172 2965 249 3030 libri
281 2965 451 3030 collatione
479 2965 569 3030 illam
592 2985 690 3047 quam
719 2965 896 3030 Merkeh'us
925 2967 1123 3048 promiserat
1152 2965 1306 3031 Tristium

173 3071 395 3134 recensionem
417 3055 642 3152 promulgavit.

260 3169 374 3254 Neque
396 3176 507 3234 tamen
528 3191 598 3235 rem
621 3169 701 3235 mihi
722 3170 851 3235 videtur
873 3169 1052 3235 absolvisse
1074 3168 1225 3236 Merkelii
1239 3171 1305 3251 illa,

174 3275 299 3359 opinor,
323 3274 363 3338 de
386 3273 455 3338 Pal.
478 3273 494 3338 Ι
515 3273 579 3338 fide
603 3273 766 3338 sententia
787 3275 822 3336 in
845 3293 986 3338 errorem
1007 3273 1169 3338 inductus.

260 3377 385 3443 Codicis
409 3379 496 3441 enim
518 3397 539 3441 a
561 3377 687 3441 duobus
709 3375 849 3440 librariis
872 3375 998 3439 diverso
1020 3380 1168 3458 tempore
1195 3377 1306 3460 scripti

175 3484 237 3547 etsi
267 3480 406 3562 altera4)
440 3499 516 3562 pars
549 3479 600 3558 iis,
635 3479 754 3562 quibus
787 3482 893 3542 totum
914 3477 1034 3542 librum
1064 3483 1170 3558 ornat,
1199 3479 1306 3544 laudi-

172 3585 234 3650 bus
257 3585 356 3666 digna
379 3587 437 3662 est,
461 3582 565 3646 altera
573 3583 599 3667 ⁵)
622 3587 742 3660 tamen,
771 3601 870 3663 quam
892 3580 1155 3646 omnivitiorum
1186 3602 1305 3666 genere

245 3773 262 3844 ¹)
281 3772 362 3828 Ovid.
388 3771 471 3826 Trist.
496 3769 515 3826 1.
533 3769 560 3824 V
587 3789 613 3840 p.
631 3769 716 3824 XXII
733 3786 793 3839 sqq.
829 3770 939 3840 Ephem
966 3769 1019 3826 litt.
1042 3769 1155 3832 Halous.
1185 3771 1251 3826 1838
1278 3788 1306 3842 p.

173 3859 318 3917 rar-123.

240 3944 262 4016 2)
280 3945 314 4002 cf.
331 3945 414 4015 praef.
432 3945 473 3998 ed.
492 3943 593 3997 Teubn.
612 3960 638 4011 p.
657 3942 706 3998 ΠΙ.

241 4031 263 4103 ³)
283 4031 317 4089 01.
335 4031 458 4086 Binsield
476 4034 579 4101 quaest
598 4029 678 4091 ovid,
697 4029 757 4084 crit.
774 4030 853 4084 Bonn
873 4029 983 4099 185312.
1004 4032 1032 4098 63
1051 4031 1183 4102 Madvigii
1199 4031 1304 4089 advers.

172 4123 232 4177 crit
250 4119 279 4175 H
295 4137 321 4190 p.
340 4120 374 4174 96
393 4135 453 4189 sqq.
731 4109 733 4114 ’

239 4205 261 4278 ⁴)
279 4207 345 4262 mihi
363 4207 439 4261 audit
455 4206 506 4260 11⁵.

239 4293 261 4365 δ)
279 4295 346 4349 mihi
363 4297 406 4348 est
424 4291 473 4354 Lb,
574 4313 578 4320 ·
