3006 4986
768 309 811 408 o

1472 448 1473 480 t

225 516 418 586 Diomedeae
433 517 526 602 filios
541 516 696 600 primus
711 538 727 582 e
741 516 834 582 oooi
852 517 1082 599 prosiliuit,
1105 519 1158 598 poi
1172 517 1212 582 ob
1228 515 1363 582 Hectore
1472 525 1473 538 ¹

225 621 389 706 confestim
411 626 458 688 est
479 620 668 704 interfectos.
691 640 780 702 quem
802 620 907 686 cuncti
918 620 1123 703 oppetierant
1137 620 1362 699 Protesilaum,

224 725 375 810 quonium
394 725 521 807 primos
543 745 582 789 ecc
603 724 746 790 mathois
760 724 934 806 perieo·ct.“
956 727 1045 788 recte
1060 721 1159 806 igitur
1174 743 1245 788 sese
1261 723 1362 790 habet

226 829 265 896 de
278 833 354 909 roto,
369 827 459 911 quod
473 829 508 892 in
520 825 627 896 Guelf.
642 831 757 906 exstat,
769 827 923 910 quodque
935 829 970 890 in
980 826 1030 892 L⁵.
1047 829 1208 910 scriptura
1224 827 1361 911 (docete)

225 932 417 998 delitescere
440 950 536 996 nemo
569 951 635 996 non
669 929 766 996 videt.
811 930 906 1009 Quod
938 933 966 994 si
998 933 1086 995 recte
1119 928 1291 1012 disputavi,
1326 930 1362 992 in
1473 917 1474 926 ’

226 1039 393 1120 superiore
420 1053 517 1100 versu
543 1033 654 1116 puidoe
680 1036 715 1096 in
737 1033 828 1116 proice
851 1031 916 1118 (ΙΙ.
939 1035 1059 1115 pacisce)
1082 1033 1276 1097 mutandum
1298 1035 1361 1109 est,

227 1140 316 1223 quod
336 1135 438 1202 Merk.
471 1136 506 1200 in
539 1137 589 1201 ed.
612 1134 715 1200 Reim.
748 1137 897 1214 tentavit,
929 1135 964 1198 in
990 1140 1118 1200 textum
1139 1156 1206 1199 non
1226 1135 1360 1216 recepit.

227 1241 358 1309 minimo
392 1243 503 1305 autem
525 1239 711 1304 necessaria
733 1243 783 1304 est
799 1237 903 1304 altera
918 1241 1115 1323 coniectura,
1132 1258 1231 1321 quam
1247 1238 1362 1303 eodem

226 1347 298 1413 loco
327 1342 482 1428 protulit:
516 1342 664 1426 Peicspd.
709 1341 882 1426 Pelospom
915 1341 1001 1406 enim
1035 1348 1085 1407 est
1116 1340 1285 1425 genetivus
1317 1341 1362 1404 ad
1474 1395 1475 1428 ,

222 1448 355 1533 prienes
388 1450 539 1530 spectans
569 1441 848 1538 (ἀποθρώσκοντα
875 1444 961 1516 eroli
987 1440 1175 1536 πρώτιστον
1203 1441 1363 1528 Ἀχαιῶν).

228 1552 270 1615 de
301 1549 449 1635 genetivo
472 1548 647 1632 Pelospctoo
676 1547 717 1616 cf.
740 1547 874 1613 Heroid.
905 1549 956 1626 13,
980 1548 1037 1612 92:
1059 1549 1115 1631 poi
1130 1549 1257 1630 pomus
1279 1545 1362 1611 Dc-

228 1655 359 1734 oodoo;
381 1650 459 1719 Met.
481 1649 570 1730 XIH,
594 1651 673 1715 281:
698 1649 865 1717 Gratim
886 1671 1004 1731 corus5
1027 1653 1136 1720 Amor.
1165 1649 1223 1728 ΠΙ,
1246 1651 1277 1728 6,
1300 1649 1361 1713 32:

230 1755 430 1836 Pdtdiotim5
453 1752 530 1819 Met.
554 1753 627 1831 VII,
650 1753 728 1820 502:
754 1752 975 1835 Cecropidotm,·
997 1752 1049 1824 Tr.
1072 1752 1114 1831 Π,
1137 1753 1199 1818 261
1224 1757 1258 1816 et
1279 1751 1361 1818 262:

228 1858 424 1926 Aeaeoddm.
458 1855 536 1922 Met.
551 1855 606 1935 IV,
623 1855 701 1921 574:
718 1857 818 1936 dedeo,
835 1858 924 1939 quod
937 1861 1110 1939 praeterea
1125 1861 1235 1922 exstat
1248 1855 1319 1920 Am.
1335 1853 1360 1933 I,
1475 1869 1476 1892 ²

231 1962 282 2041 13,
305 1960 363 2038 45,
386 1959 464 2026 Met.
486 1960 528 2040 Π,
551 1962 625 2038 280,
649 1959 723 2038 686,
746 1960 827 2037 848;
850 1957 902 2024 Tr.
919 1959 944 2038 Ι,
959 1959 990 2039 5,
1008 1960 1065 2037 70;
1086 1959 1128 2038 Π,
1144 1961 1195 2026 37.
1228 1958 1361 2028 Heroid.

230 2065 255 2144 Ι,
289 2063 347 2130 55:
379 2067 492 2132 cirico.
536 2063 750 2147 Interpolatio
780 2064 829 2128 ita
849 2069 929 2129 nata
952 2069 1011 2143 est,
1033 2069 1071 2128 ut
1093 2069 1266 2142 corrector,
1289 2085 1362 2128 cum

229 2167 403 2253 Pelospom
424 2188 484 2250 pro
506 2167 689 2233 accusativo
711 2166 851 2232 haberet
870 2167 1009 2251 ideoque
1030 2188 1208 2250 pronomen
1230 2167 1362 2248 aliquod

230 2271 403 2337 relativum
425 2269 638 2349 desideraret,
661 2271 718 2352 qui
739 2270 888 2350 adderet,
912 2271 949 2337 de
969 2275 1159 2336 removeret.
1290 2320 1296 2329 .

229 2373 271 2454 11,
294 2375 357 2440 491
382 2394 431 2457 sq.
553 2421 559 2432 .

275 2495 369 2560 Tciic
392 2494 541 2560 deductor
561 2493 684 2576 fumoso
705 2468 810 2559 deuse
832 2494 993 2572 decemtd,

318 2597 404 2679 Qooe
426 2597 563 2662 domuc
585 2596 689 2662 cotti
712 2598 921 2678 conposuisse
943 2597 1032 2669 tecit.

230 2739 310 2803 poue
342 2717 457 2783 domm
489 2717 568 2782 nolti
600 2736 696 2797 comp.
728 2717 789 2798 fuit
818 2713 936 2794 Guelf,
958 2714 1032 2780 Vat.
1065 2715 1091 2794 I,
1113 2715 1182 2784 Pal.
1216 2714 1258 2791 Il,
1292 2714 1363 2790 alii;

231 2821 362 2906 modom
383 2841 445 2886 ooo
466 2819 524 2886 citi
545 2819 594 2883 Lt.
617 2855 660 2866 -
681 2839 761 2901 poce
782 2819 849 2883 ium
870 2839 932 2885 ooo
953 2818 1013 2884 coto
1034 2839 1130 2900 correp.
1152 2826 1240 2886 aocet
1259 2819 1326 2887 Pal.
1348 2817 1364 2880 l

232 2944 305 2988 oum
326 2921 472 3006 reliquis.
505 2923 571 2987 iam
592 2925 680 2987 aocet
701 2920 911 3004 interpretari
933 2941 998 2984 non
1018 2941 1160 3004 possum,
1193 2943 1270 2987 nam
1292 2943 1364 2986 oum

231 3031 331 3112 poeta
365 3027 473 3091 dicere
504 3025 582 3090 velit
611 3024 692 3090 alios
724 3024 904 3106 permultos
927 3028 1071 3091 earmina
1093 3027 1260 3109 scripsisse
1282 3027 1362 3091 Arte

233 3150 294 3197 sna
316 3129 419 3196 multo
442 3129 629 3212 nequitiora
650 3148 757 3211 neque
780 3148 977 3212 quemquam
999 3149 1155 3212 umquam
1177 3151 1248 3196 esse
1271 3130 1364 3211 puni-

231 3239 313 3312 tum,
347 3253 418 3298 sese
451 3237 572 3310 autem,
606 3250 679 3294 oum
713 3250 752 3296 ea
779 3251 814 3294 re
837 3232 993 3314 deceptus
1015 3231 1105 3297 loeta
1126 3233 1271 3298 carmina
1292 3252 1365 3296 con-

233 3336 387 3415 didisset,
433 3334 521 3400 tristi
563 3352 671 3416 poena
707 3332 860 3398 affectum
887 3354 984 3414 esse,
1021 3341 1151 3418 tempus
1186 3334 1365 3418 perfectum

232 3439 455 3513 necessarium
478 3443 538 3516 est,
561 3437 650 3520 quod
671 3436 758 3501 idem
780 3437 922 3503 suadent
944 3461 991 3504 vv.
1015 3437 1079 3512 495
1102 3445 1136 3504 et
1157 3439 1238 3504 496:

275 3560 420 3642 Deoipoe
440 3579 497 3625 aec
518 3558 606 3624 uideo
629 3561 667 3624 de
688 3563 731 3624 tot
751 3559 960 3625 scribentibus
980 3580 1089 3640 ccum,

320 3664 416 3746 Quem
437 3683 498 3728 suo
514 3661 689 3744 perdiderit
710 3661 828 3742 Moso‚·
849 3669 988 3745 repertus
1011 3683 1072 3746 epo.

233 3782 366 3867 Optima
387 3783 487 3866 igitur
509 3786 562 3848 ost
584 3759 746 3864 scriptura
768 3783 827 3861 ΙΙ,
851 3781 969 3862 Guelf,
993 3783 1066 3852 Vat.
1090 3783 1105 3846 Ι
1128 3787 1189 3852 etc.

276 3924 355 3987 poce
376 3903 488 3969 domm
510 3901 593 3968 cotti
615 3903 821 3985 cooposcisse
835 3903 914 3984 fuit.

232 4022 439 4106 interpolatio
463 4022 508 4087 sio
530 4027 609 4088 nata
631 4041 703 4089 esse
725 4021 863 4100 videtur,
886 4026 934 4100 ut,
957 4043 1030 4086 oum
1051 4043 1130 4106 quoe
1152 4023 1264 4088 domoc
1284 4021 1366 4086 cotl'

233 4125 268 4190 in
300 4147 379 4208 quoe
410 4127 476 4192 ioco
507 4147 569 4192 ooo
596 4125 658 4191 cclii
679 4124 735 4213 (ci.
757 4126 798 4190 Ι]
820 4125 1014 4209 scripturam
1036 4127 1188 4210 quaedem
1210 4145 1271 4190 ooo
1292 4122 1365 4200 oili)

234 4227 368 4308 abisset,
390 4229 606 4312 interpolator
621 4228 728 4324 'verba
750 4249 848 4294 sensu
863 4249 958 4295 cassa
973 4249 1032 4295 suo
1047 4229 1185 4294 arbitrio
1201 4227 1365 4311 corrigens
