3006 4986
248 545 342 622 Quod
365 546 490 612 utinam
512 548 553 610 de
569 547 702 629 reliquis
718 548 827 612 dicere
842 547 990 630 posseml
1013 547 1298 630 impudentissime
1325 552 1328 565 '
1369 607 1372 614 .

160 649 245 714 enim
270 652 532 714 recentiores
555 670 671 714 manus
695 653 839 732 quinque
854 650 905 714 vel
920 671 977 714 sex
991 649 1025 713 in
1040 651 1149 714 codice
1165 670 1301 734 grassa·

90 809 91 814 ,
160 758 216 816 166
252 757 339 830 6661,
374 752 476 816 etita
514 753 654 834 quidem,
684 753 1301 836 6166116616111161161111661111661616

160 855 261 920 erasis
284 855 366 918 elias
389 855 569 936 scripturas
591 857 760 935 inferrent,
784 877 879 938 quae,
896 877 967 920 oum
984 878 1001 919 e
1018 856 1183 922 codicibus
1198 855 1266 920 Pel.
1285 855 1301 919 I

161 963 194 1022 et
225 956 322 1022 Goth.
358 959 526 1024 simillimis
561 966 710 1042 sumptae
739 962 812 1038 sint,
846 959 944 1041 plane
978 959 1177 1024 abiiciendae
1212 964 1298 1025 sunt.

162 1061 252 1138 Quae
283 1081 411 1140 manus,
450 1065 511 1126 etsi
550 1083 570 1125 a
602 1065 710 1144 prima
745 1062 936 1144 plerumque
975 1061 1125 1125 facillime
1162 1061 1301 1124 discerni

162 1169 307 1246 6666661,
343 1167 476 1246 6666166
509 1176 619 1228 tamen
644 1165 843 1248 Schweigero
877 1164 1026 1229 fraudem
1060 1163 1219 1242 fecerunt,
1243 1165 1297 1244 qui

168 1268 257 1332 etin
279 1265 411 1349 reliquis
435 1288 501 1332 non
524 1289 572 1346 66,
596 1289 662 1351 666
685 1267 807 1346 debuit,
831 1268 1000 1352 diligentie
1022 1287 1101 1332 usus
1125 1272 1184 1332 661.
1195 1267 1234 1351 ²⁰)

245 1370 465 1434 Vaticanus
487 1371 604 1435 deinde
627 1374 787 1453 primus
809 1371 1080 1437 membranaceus
1096 1373 1155 1448 est,
1177 1368 1298 1433 formae

162 1473 359 1552 octonariae,
388 1494 472 1538 saec.
495 1473 585 1552 XIII,
613 1497 645 1538 6.
676 1475 759 1538 1606
788 1474 969 1558 insignitus,
993 1474 1074 1538 thiI
1097 1473 1158 1537 nisi
1181 1471 1300 1536 Tristia

163 1577 342 1655 continens,
366 1579 447 1641 66116
469 1576 553 1641 bene
578 1580 727 1658 comptus,
750 1597 856 1659 neque
878 1579 1004 1642 rasuris
1026 1597 1132 1658 neque
1153 1597 1174 1640 a
1188 1595 1299 1640 recen-

162 1680 301 1746 tioribus
334 1680 487 1746 manibus
521 1681 650 1763 saepius
685 1681 846 1746 foedatus.
891 1683 1020 1764 integre
1052 1680 1148 1751 huius
1182 1678 1299 1744 codicis

160 1782 291 1848 collatio
314 1785 459 1848 nondum
482 1789 599 1849 exstat.

246 1885 464 1950 Palatinus
488 1887 628 1968 denique
653 1887 860 1952 secundus
883 1887 1075 1952 chartaceus
1092 1891 1153 1964 est,
1168 1905 1197 1950 a.
1218 1884 1299 1950 1476

161 1988 308 2072 scriptus,
331 2010 362 2078 n.
387 1989 450 2052 910
472 1990 655 2072 insignitus,
678 1990 888 2073 6616166161
911 1989 1089 2068 Τ116116,
1113 2008 1197 2070 6666
1214 1986 1299 2051 foliis

163 2091 331 2156 149-205
347 2093 676 2174 comprehenduntur,
692 2092 805 2158 Artem
820 2093 1024 2171 amatoriam,
1039 2091 1196 2156 Remedia
1211 2111 1300 2154 amo-

159 2196 216 2274 ris,
239 2195 524 2278 pseudoovidiana,
552 2195 768 2260 Medicamina
789 2195 892 2274 faciei,
915 2195 1009 2274 Ibim‚
1025 2195 1171 2274 Amores,
1187 2193 1298 2257 Tibul-

159 2299 237 2377 lum,
260 2298 476 2382 Propertium,
501 2298 665 2364 Getullum
687 2303 842 2364 eontinet.

247 2401 336 2466 Haec
370 2403 487 2480 omnia,
523 2423 608 2484 6666
641 2403 682 2466 16
717 2404 809 2468 codd.
833 2403 907 2468 Vat.
939 2402 955 2466 I
982 2408 1016 2467 et
1038 2401 1106 2468 Pal.
1128 2402 1160 2466 ΙΙ
1193 2401 1298 2480 attuli,

161 2503 266 2583 Mau,
300 2505 349 2569 vir
382 2505 508 2584 166166,
543 2505 775 2570 61161661661166
808 2527 935 2570 mecum
969 2505 1225 2583 communicavit,
1247 2505 1299 2568 cui

163 2629 203 2672 ex
225 2607 325 2672 animi
347 2611 510 2672 sententia
531 2608 594 2673 hoc
616 2608 686 2674 Ioco
709 2609 833 2692 gratias
857 2629 928 2692 ago.

246 2711 363 2775 Restat
378 2731 516 2776 censura
530 2712 646 2776 horum
660 2711 834 2789 librorum3
851 2713 891 2776 de
904 2711 1015 2777 codice
1027 2712 1111 2776 enim
1127 2709 1204 2776 Ρ61.
1221 2710 1297 2788 1116,

160 2833 245 2894 6666
260 2812 363 2879 Merk.
387 2814 420 2877 in
442 2815 544 2897 praef.
569 2816 618 2880 ed.
643 2817 745 2884 Reim.
770 2817 890 2895 attulit,
913 2817 993 2880 nihil
1017 2816 1139 2880 addere
1155 2835 1297 2898 possum.

247 2915 289 2980 Et
322 2917 434 2981 statim
466 2917 613 2982 videmus
636 2919 680 2981 La
710 2924 751 2982 61
780 2921 955 2982 omnium
987 2920 1186 3000 optimum
1209 2937 1298 2981 6666

160 3023 199 3082 'et
248 3041 269 3083 a
316 3020 489 3104 reliquis
534 3042 635 3086 6666
679 3019 858 3086 familiae
903 3021 1115 3087 codicibus
1159 3041 1298 3104 segre-

234 3155 267 3229 10)
285 3158 415 3228 Exempla
438 3159 546 3212 afferam
573 3175 665 3227 66666,
695 3159 742 3212 661
770 3175 838 3228 6666
864 3159 898 3213 61
926 3158 1131 3228 Guelferbytsni
1157 3147 1297 3214 censuram

161 3244 240 3298 utilia
259 3261 319 3300 6666
339 3261 471 3298 censeam.

228 3333 249 3400 Ι,
279 3335 300 3397 1,
331 3335 375 3386 17:
403 3329 491 3386 Guelf.
511 3331 681 3400 Schweigero
708 3334 778 3383 16616
805 3331 918 3400 praebet
944 3345 1002 3383 cum
1021 3329 1079 3384 Pel.
1106 3331 1134 3385 I:
1160 3336 1298 3384 immemor

161 3424 276 3474 eceetot.
304 3419 379 3472 66661
412 3419 458 3472 661
478 3417 696 3472 arecentissima
718 3417 833 3485 quedam
851 3417 1296 3486 61666666116611616166611

164 3508 252 3569 66166,
272 3504 344 3572 6661
363 3521 377 3557 6
395 3503 506 3572 16116616
525 3504 665 3557 codicibus
682 3506 766 3572 patet,
784 3501 844 3554 illi
861 3503 889 3555 in
907 3501 1000 3556 codice
1018 3503 1106 3556 fuerit

230 3591 254 3660 Ι,
273 3591 296 3655 2,
318 3591 361 3644 15:
381 3589 467 3643 Sohw.
487 3593 572 3646 teste:
591 3603 650 3642 meo
668 3589 770 3642 cerba
783 3603 940 3657 precesque,
958 3605 986 3641 16
1005 3604 1082 3644 vera:
1113 3604 1174 3642 mea
1191 3587 1298 3654 (11616,-

160 3677 209 3730 661
229 3677 442 3746 superscriptum
460 3681 537 3730 6616
554 3692 633 3728 manu
651 3691 704 3730 reo.
724 3675 786 3744 ul:
796 3673 849 3742 vel)
867 3676 957 3729 66116.
1136 3671 1140 3680 ’

228 3763 279 3829 ΠΙ,
298 3763 324 3827 4,
344 3763 374 3820 8:
390 3764 495 3832 661166,
514 3761 587 3830 quod
598 3761 686 3836 Schw.
704 3766 774 3820 16616
787 3761 871 3828 16661,
885 3764 974 3814 exstat
987 3779 1003 3814 a
1014 3762 1100 3831 prime
1113 3779 1147 3822 m,
1160 3762 1297 3831 scriptum.
1372 3792 1377 3797 -

229 3849 278 3917 lv,
300 3851 321 3914 1,
343 3849 387 3902 19:
408 3848 494 3902 Schw.
513 3853 596 3902 teste:
615 3847 1165 3914 ,111616661166611661666616661.

229 3935 271 3988 IV
298 3935 322 4000 3,
342 3935 395 3989 29:
412 3934 595 3993 8611616616
615 3933 749 3987 Thebane
762 3938 988 4002 peremptum,
1001 3949 1029 3986 16
1042 3949 1105 3986 vera
1118 3939 1300 3990 eruentem.

230 4021 280 4090 IV,
301 4023 325 4088 3,
345 4022 390 4075 55:
411 4021 498 4075 Schw.
513 4021 562 4074 sub
576 4037 668 4074 166616
680 4020 797 4076 invenit:
816 4019 878 4072 ubi
894 4025 944 4074 eet
959 4019 1051 4073 illud
1067 4036 1133 4088 666
1151 4020 1189 4073 eee'
1204 4019 1299 4088 seteis

160 4104 232 4171 1116,
244 4107 383 4174 referre.
411 4107 480 4161 nihil
498 4113 586 4160 temen
604 4123 709 4160 erasum
727 4109 769 4159 661
787 4105 937 4172 6161111661,
956 4106 1032 4158 cuius
1050 4105 1185 4159 inlocum
1203 4121 1258 4173 666
1274 4111 1300 4160 te

156 4193 295 4247 inductum
323 4199 377 4260 661;
396 4193 500 4263 reliqua
518 4195 612 4247 verbe:
630 4193 687 4247 6161
703 4208 759 4246 oon
777 4192 819 4245 oie
839 4191 890 4247 ello
908 4192 1008 4258 referri
1024 4191 1098 4246 nulla
1115 4191 1223 4247 1661616
1234 4195 1299 4246 6661

160 4295 264 4333 rosere.

1092 4383 1111 4438 4
