3006 4986
704 337 864 412 55ss

157 551 212 628 IV,
236 550 266 630 5,
292 552 349 616 19:
373 551 412 614 La
435 573 508 616 cum
529 551 660 616 multis:

207 653 304 736 thue
319 655 418 736 jocio,
440 655 535 720 remis
557 655 599 719 od
621 675 706 736 opem
729 653 847 718 luctam
861 653 1039 734 fereadum,

245 755 333 820 Dum
354 759 484 826 oeuiot
500 751 630 839 placido
651 756 774 821 mollior
796 777 879 822 cura
901 757 963 822 deo.

160 857 278 938 Guelf„
301 859 375 924 Vat.
399 859 424 940 Ι,
447 859 564 939 Poll,
588 859 656 924 Pal.
679 859 711 924 ΙΙ
733 861 809 924 dum
830 860 911 923 veuit
932 881 953 924 c
976 879 993 923 e
1017 860 1215 924 correctione
1231 881 1296 926 ιιοιι

114 1045 118 1056 Ι
158 961 323 1028 intellecta
346 969 464 1028 ortum.
500 963 540 1028 cf.
565 969 668 1046 praet.
691 963 746 1047 IV,
769 963 800 1041 2,
824 963 882 1040 603
905 961 960 1042 IV,
985 964 1015 1041 6,
1040 963 1096 1041 13;
1118 963 1177 1043 ΙΙΙ,
1196 965 1227 1042 3,
1243 965 1295 1043 81,

158 1066 215 1130 ubi
237 1067 277 1130 La
299 1089 427 1150 semper,
450 1067 543 1157 quod·
562 1070 631 1132 sine
656 1066 754 1132 dubio
775 1070 952 1150 genuinum
974 1072 1036 1147 est,
1059 1073 1190 1150 praeter
1205 1067 1294 1130 Leid.

162 1169 249 1234 solus
271 1171 429 1253 praebere
452 1171 590 1234 videtur.

245 1273 304 1338 His
338 1273 427 1349 locis,
460 1273 536 1337 licet
568 1271 756 1354 paucissimi
790 1274 864 1350 sint,
894 1273 929 1336 id
951 1278 1062 1337 tamen
1083 1273 1162 1338 mihi
1183 1273 1295 1338 videor
1415 1271 1418 1278 ’

161 1376 294 1441 evicisse
329 1378 542 1460 archetypum
563 1375 789 1464 Laurentiania
821 1397 886 1439 non
901 1376 1050 1440 eundem
1073 1377 1174 1442 fuisse
1197 1384 1296 1461 atque

162 1477 415 1565 Guelferbytani,
431 1479 506 1546 Vat.
530 1479 555 1558 Ι,
571 1479 639 1544 Pol:
663 1479 688 1557 Ι,
712 1477 780 1545 Pal.
804 1477 845 1546 ΙΙ.
880 1485 1054 1560 praeterea
1077 1486 1186 1545 autem
1208 1481 1296 1546 vide-

161 1603 233 1646 mus
266 1604 388 1666 paucos
421 1583 495 1648 illos
528 1592 651 1660 versus,
686 1585 721 1646 in
755 1581 874 1664 quibus
897 1581 938 1644 La
960 1604 981 1646 a
1002 1583 1201 1665 reliquorum
1223 1583 1295 1648 cdd.

162 1689 324 1768 scriptura
337 1687 464 1770 longius
479 1687 622 1764 recedat,
641 1684 711 1750 fere
728 1705 840 1750 omnes
851 1685 885 1748 in
896 1707 960 1750 uno
977 1689 1118 1760 carmine
1130 1689 1247 1765 inesse,
1262 1687 1296 1750 in

162 1811 265 1854 nona
280 1791 400 1872 primi
415 1789 511 1853 libri
528 1785 669 1872 elegia.
693 1809 799 1870 neque
811 1793 920 1852 tamen
938 1794 997 1867 est,
1013 1810 1071 1852 our
1087 1788 1296 1871 obstupesca-

156 1880 244 1970 mus
268 1913 341 1956 cum
362 1893 424 1956 hoc
447 1912 577 1956 carmen
599 1891 633 1954 in
656 1891 805 1961 omnibus
827 1891 917 1954 libris
941 1913 1044 1972 aeque
1067 1889 1179 1956 foedat
1165 1897 1235 1956 tum
1255 1895 1298 1957 ad

163 2017 223 2059 nos
258 1997 451 2077 pervenerit,
481 2015 520 2057 ex
534 2011 607 2076 quc
631 1995 773 2058 codicem
795 1995 908 2058 archet
895 1999 1006 2078 typum
1027 1994 1089 2058 hoc
1110 1995 1181 2059 loco
1203 1995 1319 2092 valdai

162 2103 232 2161 mut
218 2098 291 2162 tilat
277 2103 347 2162 tum
368 2089 507 2180 ideoque
529 2099 617 2161 varie
638 2097 870 2181 interpolatum
893 2097 1076 2163 fuisset
1018 2119 1061 2180 pa
1062 2103 1120 2164 t.ct

251 2405 315 2470 Sed
345 2427 410 2470 non
433 2407 512 2471 satis
535 2411 585 2470 cst
606 2406 646 2470 La
669 2428 689 2470 a
711 2406 844 2489 reliquis
867 2428 946 2472 suae
969 2406 1112 2472 familiae
1136 2408 1298 2472 codicibus

164 2510 345 2594 segregari:
381 2513 479 2574 etiam
503 2509 757 2596 Guelferbytani,
782 2512 855 2582 Vat.
878 2512 903 2591 Ι,
927 2508 1042 2594 Poll,
1066 2515 1133 2582 Pal.
1159 2517 1191 2580 ΙΙ
1212 2517 1296 2580 ratio

163 2633 227 2676 non
261 2613 375 2676 eadem
406 2619 464 2677 est.
510 2619 544 2677 et
574 2615 622 2678 ita
644 2615 775 2696 quidem
796 2616 832 2680 hi
853 2615 928 2680 libri
949 2617 1028 2681 mihi
1050 2621 1202 2684 videntur
1225 2641 1297 2684 esse
1336 2643 1338 2660 ι

163 2716 378 2796 discernendi,
401 2723 439 2779 ut
461 2717 590 2781 alteri
619 2717 798 2784 factioni
821 2718 951 2786 Guelf.
976 2726 1014 2784 et
1038 2721 1122 2791 Vat.
1146 2723 1171 2803 Ι,

463 2821 595 2884 altori
617 2821 693 2886 Pol.
716 2821 732 2885 I
755 2828 788 2886 et
811 2821 888 2890 Pal.
918 2822 951 2885 ΙΙ
980 2845 1295 2893 annumeremus.

162 2997 165 3004 ¹
248 2921 353 3010 Guelf.
385 2923 469 2986 enim
493 2928 525 2986 et
546 2924 618 2989 Vat.
642 2924 842 2988 I‘rarissime
864 2931 1002 3005 tantum,
1027 2935 1184 3010 quantum
1207 2933 1297 3012 equi-

162 3027 236 3106 dem
256 2999 361 3106 video,
385 3027 448 3090 et
439 3032 487 3089 mt
489 3047 525 3091 er
547 3048 582 3091 se
605 3033 638 3091 et
661 3029 735 3091 ΙΙιιι
750 3029 954 3108 dissentiunt,
979 3052 1051 3095 cum
1066 3030 1133 3096 Pol.
1151 3036 1214 3098 let
1228 3032 1295 3100 Pal.

160 3129 192 3193 ll
214 3130 341 3225 longius
364 3130 404 3194 ab
427 3130 483 3195 illo
505 3127 660 3194 recedant
682 3137 716 3195 et
731 3135 980 3214 saepissime-
937 3138 1191 3200 *recentiores
1211 3137 1296 3200 enim

86 3254 87 3258 ¹
161 3239 300 3296 sunt-
322 3233 391 3300 Pal.
413 3233 551 3317 Iscript
551 3237 618 3299 uris
640 3221 801 3317 inquinati
824 3239 899 3301 sint.

240 3337 396 3402 Pluribus
419 3338 480 3402 hoc
502 3341 650 3404 demonst
636 3345 724 3404 trare
746 3361 812 3404 non
836 3341 964 3419 attinet,
987 3362 1060 3404 cum
1074 3342 1122 3406 int
1124 3305 1202 3425 egra
1217 3343 1292 3409 Vat.

159 3442 175 3505 1
198 3441 325 3506 collatio
349 3441 440 3508 desit

627 3535 832 3552 r--....-....

246 3630 435 3695 Extremum
456 3631 537 3694 illud
560 3633 611 3711 sit,
634 3638 672 3697 ιιΙ
693 3633 906 3715 inquiramus,
929 3633 1008 3716 quid
1031 3634 1208 3698 adiumenti
1238 3642 1297 3700 aut

161 3734 345 3799 detrimenti
384 3741 649 3801 correctores
686 3737 733 3801 illi
769 3738 834 3802 iam
872 3738 1003 3820 saepius
1040 3738 1167 3803 laudati
1202 3740 1296 3805 nobis

160 3838 339 3903 attulerint.
749 3907 751 3912 ,

246 3943 289 4005 ΕΙ
310 3947 523 4010 vetustior
546 3945 677 4028 quidem
700 3951 864 4010 corrector
874 3946 913 4032 21)
936 3945 1041 4011 XXVI
1068 3967 1182 4012 versus
1204 3967 1224 4010 a
1246 3967 1295 4029 pr.

160 4068 202 4110 m.
227 4050 361 4112 omissos
384 4049 520 4128 addidit,
543 4071 659 4116 versus
681 4049 751 4115 fere
774 4056 862 4116 totos
885 4051 974 4116 velut
996 4050 1021 4130 1,
1045 4050 1076 4130 5,
1099 4052 1138 4115 41
1165 4051 1295 4136 (occsa)

161 4197 366 4209 b*—

229 4269 261 4341 22)
280 4273 345 4326 mihi
364 4276 406 4326 est
422 4270 470 4331 M2.
