3006 4986
703 365 744 430 41

201 567 315 636 Oraaa'a
336 589 421 636 naua
443 569 541 651 oredo,
563 589 634 636 oaoa
655 576 690 636 ta
712 592 776 638 aaa
797 573 914 639 stollas
935 573 975 640 ab
997 579 1084 641 orato

244 675 349 759 Torua
370 693 470 756 oomor
493 672 622 754 dederis,
644 677 882 758 Ausoniamque
897 682 1002 758 peras.

156 773 195 842 of.
218 782 391 858 praeterea
412 797 461 842 w.
483 776 526 840 29
549 795 598 859 sq.

156 876 196 957 V,
220 878 250 957 7,
273 880 329 943 21:
390 913 392 924 ι

199 980 331 1046 Certum
364 980 505 1046 Palatini
535 981 551 1046 I
585 1003 781 1066 suorumque
813 983 938 1050 fraudis
971 985 1193 1051 testimonium
1228 986 1291 1051 hoo

156 1104 253 1150 versu
275 1085 368 1151 nobis
391 1090 558 1150 servatum
582 1091 639 1151 est.
684 1087 829 1152 traditur
851 1091 936 1175 enim
957 1091 992 1152 in
1013 1087 1081 1155 Pal.
1104 1089 1135 1154 I:

206 1189 290 1255 Vivo
310 1190 346 1254 a'a
368 1188 419 1254 aa
442 1189 565 1269 Naso,
588 1195 814 1257 tenerorum
836 1193 947 1258 lasor
969 1212 1154 1272 amoram,

159 1291 299 1374 optimus
312 1311 390 1356 sane
408 1311 530 1370 versus,
557 1293 617 1357 nisi
635 1293 749 1358 vitium
764 1295 886 1360 inesset
900 1298 1070 1360 metricum
1086 1293 1190 1381 (Naso
1207 1297 1291 1360 enim

158 1394 200 1460 ab
215 1415 279 1460 usu
294 1393 449 1460 Ouidiano
464 1394 561 1479 plane
576 1396 741 1477 abhorret,
758 1400 950 1481 quadrante
965 1398 1066 1464 Merk.
1085 1397 1127 1463 ad
1146 1399 1178 1463 h.
1194 1398 1215 1468 l.
1233 1398 1291 1464 ad-

156 1500 263 1582 notat)
298 1502 332 1562 et
364 1497 503 1564 alteram
536 1503 605 1564 eius
637 1505 764 1583 partem
797 1501 928 1566 aliunde
949 1505 984 1567 in
1006 1501 1092 1588 huno
1113 1500 1220 1568 laeum
1241 1501 1291 1565 in-

158 1602 290 1667 ductam
311 1621 385 1668 esse
408 1624 426 1667 e
447 1623 496 1669 vu.

156 1704 215 1784 111,
239 1706 270 1784 3,
299 1705 355 1771 73:
378 1707 428 1772 laio
451 1726 504 1790 aaa
527 1707 580 1788 qai
602 1707 688 1773 iaoea
711 1714 943 1774 taaororam
965 1711 1075 1776 lasor
1098 1729 1290 1788 amoram·

156 1807 210 1888 IV,
235 1809 286 1884 10,
311 1809 347 1873 1:
368 1808 423 1875 olle
444 1829 498 1893 eoo
520 1809 574 1892 qai
587 1811 704 1891 saarim
726 1816 949 1878 tenerorum
971 1813 1079 1880 lasor
1100 1833 1290 1892 amaruan

156 1909 196 1989 V,
221 1913 250 1989 l,
273 1910 330 1976 22:
348 1911 528 1992 pharetrati
549 1913 659 1978 lusor
680 1915 832 1980 amoris
853 1919 991 1997 pateret.

157 2014 245 2078 idem
276 2019 344 2078 tres
376 2013 480 2098 ignoti
509 2014 636 2080 codices
669 2016 837 2099 praebent,
873 2023 907 2082 et
939 2017 1003 2082 levi
1036 2038 1145 2084 errore
1176 2018 1289 2083 addito

159 2116 267 2197 Goth„
289 2117 324 2181 in
346 2139 410 2201 quo
434 2120 593 2201 seriptum
615 2124 681 2185 est:
739 2148 743 2156 ¹

211 2221 295 2288 Vasa
316 2223 351 2287 ia
373 2222 424 2288 lis
447 2223 537 2288 Naso
560 2229 762 2290 tautoram
784 2226 871 2292 lusor
893 2245 1043 2293 amaram.

160 2323 259 2389 etiam
282 2327 477 2407 scripturam
499 2324 556 2389 Lb:

209 2427 325 2494 Vaa
280 2434 346 2494 tar
368 2429 418 2494 las
440 2433 663 2494 tenerorum
685 2429 797 2496 lasor
819 2451 995 2498 amoram

159 2552 199 2595 ex
151 2531 338 2617 eodem
359 2529 449 2596 fonte
471 2529 602 2597 fluxisse
627 2531 716 2622 satis
719 2533 812 2632 milri
833 2533 963 2599 videtur
971 2538 1076 2626 aonst
1016 2538 1301 2630 areoropter

160 2635 276 2699 ultima
151 2593 407 2714 errba,
430 2623 510 2699 licet
491 2620 644 2702 ladio
635 2655 668 2699 1n
692 2656 729 2700 eo
744 2625 810 2700 non
810 2621 1018 2716 inveniatur,
1042 2637 1129 2720 quod
1145 2637 1293 2702 socordia

158 2737 284 2802 librarii
310 2737 574 2820 praetermissum
606 2757 677 2803 esse
699 2743 800 2821 patet.
847 2740 1025 2822 eademque
1049 2760 1147 2806 causa
1169 2739 1291 2819 obstat,

159 2862 201 2904 ne
224 2841 320 2906 aliter
340 2841 465 2906 iudices
488 2841 528 2904 de
551 2841 709 2905 Bonnensi
730 2842 877 2925 aliisque,
901 2847 957 2926 qui
979 2843 1152 2926 praebent:

201 2946 279 3010 atad
299 2946 332 3010 ia
355 2944 405 3010 la's
426 2945 556 3028 luitur
579 2949 755 3010 tenerorum
777 2947 863 3011 lusor
884 2967 1036 3014 amoram.

202 3048 274 3112 Iam
296 3048 340 3112 ad
362 3046 500 3112 alteram
522 3046 679 3112 familiam
700 3053 841 3113 transeo.
886 3069 924 3114 aa
943 3053 1084 3132 primum
1106 3049 1237 3132 quidem
1258 3053 1292 3115 in

160 3150 267 3218 Guelf.
291 3156 415 3216 exstat:

202 3256 277 3321 aiod
311 3257 345 3321 la
380 3255 431 3319 aa
467 3253 542 3320 hoa
575 3255 725 3321 uallas'
749 3275 877 3320 eoram
911 3256 1065 3324 oblitas
1098 3276 1292 3338 amoram,

159 3358 320 3441 scriptura
347 3362 462 3441 aperte
489 3363 653 3440 corrupta.
697 3359 807 3424 aalide
834 3360 949 3425 oblitas
979 3360 1073 3440 enim,
1102 3359 1165 3425 etsi
1186 3360 1220 3424 in
1241 3358 1292 3424 fa-

160 3462 278 3527 miliari
310 3481 458 3528 sermone
490 3482 550 3545 pro
579 3482 642 3527 aaa
665 3463 778 3528 oblitas
800 3461 863 3527 diei
885 3467 1004 3545 potest,
1027 3462 1157 3528 minime
1179 3467 1292 3529 tamen

158 3569 322 3648 poeticum
345 3570 395 3630 est
418 3570 589 3630 atemere
605 3563 772 3632 Ouidiano.
806 3571 981 3648 praeterea
994 3585 1107 3632 versus
1122 3566 1176 3631 ille
1192 3568 1291 3632 etiam

159 3671 303 3734 caesuris
324 3668 476 3753 legitimis
499 3673 598 3733 earet.
633 3688 771 3734 caesura
785 3671 872 3734 enim
893 3668 976 3740 ansol
995 3672 1108 3763 τρίτον
1129 3679 1292 3762 τροχαῖον,

160 3792 244 3856 quae
272 3777 421 3852 vocatur,
456 3771 645 3850 61011ᾱὶ6
678 3771 798 3855 ubique
811 3771 851 3856 ι9)
886 3794 959 3837 oum
991 3773 1225 3840 trithemimere
1259 3780 1293 3838 et

158 3875 412 3959 penthemimere
435 3875 648 3958 coniungitur.
685 3895 750 3957 qua
772 3896 808 3940 re
832 3877 930 3941 etiam
953 3875 1143 3960 Segueriani
1165 3898 1185 3942 a
1207 3876 1292 3942 Mer-

159 3977 244 4044 kelio
266 3982 301 4044 in
322 3984 449 4045 textum
471 3984 604 4062 recepta
626 3981 803 4062 scriptura:
1165 4039 1167 4046 ,

202 4083 280 4149 viad
299 4084 334 4149 a'a
356 4084 407 4151 lis
429 4085 501 4151 lea
523 4085 633 4151 Naso
656 4103 816 4150 eaorara
837 4084 991 4150 oblitas
1013 4103 1182 4150 amoram

158 4197 364 4209 *—

232 4235 263 4307 a)
280 4239 367 4294 Pauci
393 4237 444 4308 illi,
471 4239 518 4308 qui
545 4242 641 4293 eontra
666 4237 736 4292 hano
762 4237 850 4308 legem
876 4254 995 4308 pugnare
1020 4238 1153 4309 videntur,
1179 4237 1235 4293 1661
1253 4237 1289 4308 (u.

158 4323 342 4394 Esohenburg,
370 4325 515 4381 metrisohe
542 4325 774 4394 untersuohungen
799 4325 865 4378 tiber
892 4325 936 4378 die
958 4325 1076 4380 eohtheit
1093 4324 1141 4378 der
1155 4324 1291 4378 Heroides

157 4409 207 4464 (166
220 4407 300 4466 ovid.
327 4411 439 4470 Lobeck
458 4412 526 4467 1874
544 4426 572 4479 p.
593 4410 636 4480 12)
648 4414 743 4464 natura
761 4426 809 4466 sua
820 4410 857 4480 id,
870 4410 943 4481 quod
955 4425 1037 4482 supra
1048 4410 1113 4478 dixi,
1126 4410 1293 4466 confirmant.

1087 4515 1122 4571 3s
