3006 4986
711 359 752 426 23

207 563 342 630 Graia
363 563 532 630 iuoeu'ca
553 563 678 642 uouit,
702 584 781 646 auae
803 569 831 628 te
847 563 1048 648 patriamque
1071 565 1251 646 dmuaacaae

249 665 392 732 Perdat!
413 667 442 731 io
458 665 610 747 prohibe!
633 664 762 732 Graia
783 668 954 734 iaoeuoa
975 668 1091 734 acuit.

162 769 272 834 Amor.
295 767 321 847 Ι,
344 769 374 846 9,
399 769 415 832 1
440 787 488 851 sq.

206 871 368 954 Militatw
386 873 510 937 oruais
533 893 691 951 amaus,
714 877 742 938 et
765 872 859 938 babet
880 892 942 939 suo
964 877 1071 939 castra
1095 872 1234 956 Oupido:
1290 937 1293 944 .

248 973 359 1052 Attice,
382 973 473 1039 crede
494 975 581 1054 mibi,
604 975 757 1042 ruibita't
779 977 904 1041 amuis
926 995 1076 1042 amous.

161 1075 270 1142 Amor.
292 1073 351 1154 III,
375 1063 470 1154 6,'61
495 1097 543 1158 sq.

205 1176 305 1257 iiia,
320 1199 423 1260 poue
444 1185 578 1248 metus.
601 1181 658 1246 tibi
678 1181 765 1265 recia
786 1186 895 1246 uestra
911 1181 1041 1262 patebit,

251 1280 354 1362 Teque
376 1283 474 1348 coleut
495 1302 613 1349 aruum.
657 1283 760 1363 Ilia,
776 1303 881 1364 poue
902 1289 1035 1349 ructus.
1163 1341 1167 1350 .

163 1379 253 1452 Fast.
276 1382 331 1462 IV,
354 1383 418 1450 365
442 1405 490 1467 sq.

206 1484 283 1566 Qui
304 1487 405 1553 bibit
425 1487 531 1568 iude,
552 1489 672 1570 furit.
690 1488 806 1570 procul
826 1488 898 1556 biuc
920 1488 1075 1568 discedite,
1098 1485 1171 1570 qais
1189 1493 1239 1554 est

252 1586 340 1656 Oura
363 1590 460 1656 boreae
481 1591 602 1656 urcuds,
624 1591 809 1672 quibibit
831 1591 938 1669 iude,
959 1593 1075 1673 furit.

163 1689 295 1756 Remed.
321 1693 360 1756 71
385 1712 433 1774 sq.

206 1795 316 1860 Naso
340 1794 529 1879 becardus
552 1815 659 1861 cram
681 1800 755 1875 taur,
779 1815 849 1862 cura
872 1795 1026 1862 didicistis
1048 1815 1166 1862 muare.

248 1895 340 1962 Idem
361 1917 444 1963 uauc
465 1897 554 1964 uobis
575 1897 682 1963 Naso
705 1897 897 1981 ieyeudus
919 1900 1006 1964 crit.
1354 1941 1359 1952 κ

163 1997 204 2062 cf.
234 1999 343 2066 Amor.
372 1997 398 2078 I,
426 1999 456 2078 4,
489 1999 530 2064 13
558 2019 607 2082 sq.
650 1998 760 2065 Amor.
783 1998 841 2078 III,
871 1999 956 2064 243
979 2021 1028 2082 sq.
1073 1998 1142 2068 Art.
1166 2019 1228 2068 arn.
1253 2001 1297 2079 H,

164 2100 301 2166 93-95.
346 2100 415 2172 Art.
447 2121 509 2168 am.
537 2101 596 2180 ΙΙΙ,
620 2101 662 2168 63
686 2123 734 2186 sq.
779 2102 912 2166 Remed.
937 2102 1001 2168 385
1024 2122 1072 2184 sq.
1118 2101 1214 2173 Trist.
1237 2103 1295 2182 Ill,

165 2203 216 2281 12,
240 2205 366 2270 13-16
389 2209 450 2271 etc.

107 2305 110 2312 ’
163 2305 220 2384 IV,
243 2306 273 2385 4,
297 2309 317 2373 3
341 2327 387 2390 sq.

209 2409 307 2476 Orrius
328 2412 407 2476 iuest
429 2412 535 2478 auimo
551 2415 656 2494 patrii
678 2413 825 2480 edideris
847 2413 962 2496 drapo,

249 2513 324 2578 Noa
347 2519 453 2580 careat
473 2517 608 2581 ueruis
631 2516 749 2582 caudor
769 2521 804 2582 at
823 2516 882 2580 iste
904 2515 983 2580 sais.

161 2617 269 2680 ucruis
291 2615 340 2694 ΙΙ,
364 2613 470 2686 Guelf.
494 2638 520 2682 s.
543 2638 581 2696 r,
604 2617 668 2682 alii.
691 2655 735 2664 -
756 2617 895 2682 numeris
916 2615 984 2684 Pal.
1006 2615 1032 2695 I,
1062 2614 1169 2694 Goth,
1188 2615 1296 2694 Bern,

162 2717 265 2784 multi.
294 2719 357 2784 hoo
383 2719 619 2802 interpretatur
648 2719 871 2786 Burmannus:
904 2725 959 2802 „at
987 2722 1029 2785 sit
1052 2721 1212 2803 perfectas
1244 2717 1297 2783 iile

163 2821 312 2902 caudor“,
334 2821 415 2912 illud
429 2823 601 2889 Loersius:
625 2825 692 2905 „sic
714 2830 748 2890 ut
768 2826 827 2890 iste
849 2830 922 2890 taus
944 2825 1061 2890 caudor
1082 2842 1144 2889 sua
1166 2841 1203 2888 ac
1219 2841 1296 2902 pro·

155 2924 289 3003 priori
311 2929 400 3007 atque
422 2927 525 3010 oioore
546 2948 609 2993 uou
632 2932 767 3005 careat‘,
791 2926 878 3008 quod
899 2946 1012 2990 verum
1035 2945 1105 2990 esse
1127 2929 1228 3007 patet.

719 3117 745 3162 0.

250 3230 349 3296 Aliud
377 3233 529 3296 vitiorum
557 3252 660 3316 genus
687 3233 763 3297 inde
785 3238 899 3298 natum
922 3238 981 3310 est,
1003 3238 1042 3296 ut
1063 3231 1296 3314 explicationes
1349 3290 1357 3308 ,

163 3338 223 3398 aut
266 3333 300 3398 in
341 3335 486 3418 margine
523 3341 582 3400 aut
617 3337 840 3402 interlineas
876 3337 1059 3420 adscriptae
1099 3335 1134 3398 in
1170 3283 1326 3399 textuml

162 3439 386 3520 reciperentur
419 3441 560 3521 genuina
592 3460 668 3504 voce
701 3445 836 3506 remota.
871 3441 959 3522 quod
981 3460 1053 3504 oum
1071 3439 1164 3521 ‘apud
1186 3457 1297 3503 omnes

163 3541 339 3622 scriptores
361 3547 432 3605 tum
453 3541 643 3625 saepissime
666 3543 755 3608 hisce
777 3543 810 3608 in
840 3542 1037 3608 carminibus
1067 3543 1193 3620 accidit.
1216 3561 1296 3605 non-

161 3643 250 3709 nulle
286 3644 387 3728 igitur
425 3644 559 3711 afferam
598 3645 762 3728 exempla,
804 3652 842 3710 ut
878 3650 954 3710 utra
991 3643 1137 3710 codicum
1173 3643 1297 3709 familia
1325 3672 1336 3757 j

161 3746 282 3812 talibus
304 3748 431 3812 mendis
453 3748 565 3832 magia,
588 3753 665 3816 utra
678 3749 783 3812 minus
798 3749 970 3830 inquinata
985 3746 1028 3812 sit
1047 3746 1230 3824 videamus3
1253 3747 1295 3812 ab

163 3851 311 3916 omnibus
334 3853 420 3916 enim
442 3851 627 3917 huiusmodi
648 3851 735 3918 vitiis
757 3851 894 3917 liberam
917 3871 986 3916 esse
1008 3854 1160 3916 neutram
1178 3851 1230 3915 vix
1246 3854 1298 3916 est

162 3954 250 4036 quod
271 3975 429 4024 moneam.

161 4059 188 4135 I,
212 4057 242 4136 7,
267 4058 306 4124 11
331 4078 401 4140 sqq.
759 4058 880 4124 -sed
902 4058 1045 4124 cumbae
1067 4057 1171 4124 ruoior
1191 4057 1296 4140 tuaac

204 4161 286 4226 Suut
306 4181 384 4242 raca,
408 4182 490 4243 quac
510 4161 625 4228 maudo
646 4161 885 4244 qualiacumque
908 4161 1005 4244 lepos,

161 4260 316 4331 Oaruciua
336 4269 474 4331 ruutatos
496 4265 658 4331 domiuum
680 4264 857 4334 diceutia
878 4265 1010 4349 forraas,
1033 4311 1041 4328 .
1066 4312 1074 4328 .
