3006 4986
705 364 745 431 31

156 572 297 638 maxime
318 568 508 634 interfuisse
530 568 686 646 videmus,
714 587 755 632 ne
779 566 851 650 quis
874 571 1090 652 cognosceret,
1119 585 1204 650 quee
1232 564 1295 630 sibi

155 675 277 740 iniuria
297 671 391 736 illata
413 675 510 749 esset,
533 668 647 734 Artem
670 668 758 734 exilii
780 689 913 734 eeusem
938 668 1040 735 trisse
1072 669 1294 754 gravissimam

156 780 191 843 in
212 777 326 862 volgus
350 773 500 840 edidisse.
531 773 690 856 suspicari
718 776 892 856 praeterea
918 792 1090 857 possumus
1111 772 1294 858 Augustum

157 901 194 946 re
216 900 294 946 vere
315 883 432 962 poetee
459 876 501 943 ob
523 876 638 941 Artem
668 876 877 942 vehementer
906 877 1141 955 succensuisse,
1173 878 1293 960 quippe
1417 945 1419 954 ¹

97 1013 102 1024 „
159 1003 244 1068 quae
265 980 394 1066 legibus
417 979 484 1046 suis
517 984 631 1063 aperte
659 983 861 1062 repugnaret
891 983 925 1042 et
953 977 997 1042 nd
1024 999 1122 1063 quem
1151 977 1294 1046 fortasse

156 1084 305 1151 facinore
326 1103 348 1148 a
369 1082 438 1148 suis
459 1087 649 1164 perpetrata
670 1102 791 1166 magne
813 1101 854 1146 ex
874 1086 969 1164 perte
996 1079 1147 1147 referret.
1188 1082 1294 1164 suspi-

158 1188 226 1254 cari
258 1187 398 1270 denique
425 1205 597 1270 possumus
625 1185 775 1252 Ovidium
804 1206 844 1251 ee
869 1189 1001 1250 tantum
1030 1185 1071 1250 de
1099 1205 1201 1250 cause
1232 1185 1295 1250 hoe

157 1290 330 1368 invenisse,
360 1294 398 1354 ut
428 1289 618 1355 securitatem
649 1289 712 1356 sibi
740 1293 874 1372 peraret
899 1289 1006 1354 dicere
1033 1287 1192 1376 principi,v
1210 1309 1294 1372 quae

158 1395 235 1458 inde
258 1414 288 1462 e.
311 1415 340 1458 v.
363 1392 425 1458 211
449 1392 602 1477 legimus:

201 1496 315 1562 Altera
331 1516 414 1578 pure
435 1501 582 1578 superest,
605 1515 668 1580 quu
689 1495 776 1578 rupe·
798 1496 936 1562 carmine
949 1496 1063 1579 factrus
1151 1551 1158 1560 .

245 1600 374 1686 Arpuur
395 1598 514 1665 obsceni
536 1599 639 1664 docter
660 1597 819 1664 udutteru'u'.

203 1701 273 1768 Fus
294 1721 365 1786 erpo
386 1706 430 1768 est
451 1700 591 1783 uttpuu
614 1700 814 1767 uuetestu'u
829 1706 995 1783 pectora
1009 1701 1133 1784 fulli,

246 1805 300 1870 Et
320 1810 412 1870 sunt
432 1805 582 1869 notitia
603 1803 725 1869 multu
746 1804 901 1870 minora
923 1803 1016 1869 tua?
1155 1787 1158 1794 ’

208 1911 305 1993 thue
326 1909 397 1974 deos
419 1907 593 1990 coetumque
614 1908 710 1974 uinut
730 1906 860 1972 suttune
881 1908 977 1974 tuenti

248 2013 323 2078 Neu
343 2017 437 2077 uuuut
458 2011 581 2095 eripuis
602 2011 694 2076 retus
715 2010 823 2076 adesse
843 2009 922 2090 Ievu',

204 2115 259 2182 Eu
279 2121 307 2182 te
326 2115 504 2197 perdentem
526 2115 572 2180 ste
595 2115 669 2180 dum
692 2114 906 2195 cuuunspu‘n's
927 2114 1034 2193 erdem,

247 2217 480 2302 Effuptuut
502 2237 621 2282 eurus
641 2217 846 2299 iuferiora
867 2216 986 2282 tuus?

204 2319 329 2386 Scilicet
349 2321 481 2402 imperti,
498 2320 658 2402 princeps,
681 2319 811 2385 statione
832 2319 942 2385 relicta

246 2422 430 2505 Inparibus
452 2422 566 2506 teperes
589 2421 730 2488 nurrnuuu
744 2422 841 2504 furtu
862 2422 988 2487 nudis?

206 2528 281 2593 Neu
302 2546 339 2592 eu
359 2531 388 2591 te
408 2525 503 2591 modes
524 2525 661 2590 Rnnunt
681 2525 816 2590 nominis
837 2531 926 2609 unqu

246 2628 347 2714 Inque
367 2629 432 2694 tute
453 2627 591 2694 numen
612 2634 676 2694 tum
698 2627 760 2694 leue
774 2627 884 2712 fertur
905 2648 991 2708 enus,

204 2731 384 2798 Lusttus
405 2736 445 2796 ut
460 2732 600 2814 possis
622 2731 830 2798 aduertere
850 2751 991 2796 numen
1012 2732 1157 2814 ineptis

247 2834 525 2918 Eueutu'usque
546 2834 677 2902 oeulis
698 2835 774 2900 otte
796 2841 940 2900 nostru
962 2835 1053 2900 tuu's.

206 3044 274 3108 Nee
296 3043 351 3108 uu
373 3042 551 3126 nutuque
572 3062 653 3124 quae
672 3041 812 3125 pentibus
833 3042 896 3108 otiu
911 3047 1068 3124 praestus,

247 3144 401 3228 Bellaque
424 3164 495 3210 cum
514 3143 622 3210 multis
644 3145 830 3227 truepuu'etus
850 3145 942 3228 peris.

204 3248 332 3313 Mirer
352 3249 388 3312 in
410 3247 465 3312 hoe
486 3248 584 3331 tpttuu
605 3253 764 3314 tenturum
779 3248 917 3330 pendere
937 3267 1044 3316 rerum

248 3351 456 3437 Nunquam
477 3357 511 3416 te
531 3357 685 3417 nostros
706 3350 903 3417 evoluisse
924 3350 1050 3417 iocos?

203 3453 250 3519 At
270 3454 307 3532 st,
330 3453 409 3539 quod
429 3452 564 3533 nullum,
585 3474 705 3522 nurum
718 3455 861 3538 fortusse
874 3453 1009 3538 fuisses,

248 3556 385 3622 Nullum
407 3555 534 3640 leptsses
556 3559 671 3624 neuneu
691 3559 727 3623 tu
749 3558 829 3623 Arte
849 3577 926 3623 meu.

161 3659 210 3724 Ne
232 3681 317 3724 nune
340 3659 471 3743 quidem
489 3661 588 3746 igitur
602 3661 771 3745 Augustus
782 3659 899 3725 Artem
914 3661 993 3726 sutis
1008 3659 1170 3745 cognitum
1184 3660 1294 3726 habet.

160 3767 231 3827 tum
253 3764 349 3843 enim,
371 3784 446 3828 enm
468 3764 499 3829 ei
520 3765 691 3848 legeretur,
714 3769 849 3847 propter
869 3763 1022 3829 iniuriam
1035 3784 1147 3830 recens
1163 3764 1205 3830 eb
1221 3763 1295 3830 Ovi·

162 3866 216 3930 dio
238 3867 301 3933 sibi
321 3867 449 3934 illatam
471 3889 551 3934 seno
577 3869 696 3935 iudicio
724 3869 774 3934 uti
801 3889 868 3935 non
894 3869 1011 3952 potuit,
1041 3875 1157 3953 postea
1185 3875 1295 3935 eutem

160 3989 226 4034 non
246 3970 335 4054 legit,
359 3971 448 4054 quod
470 3972 498 4037 si
519 3971 652 4039 fecisset
674 3971 799 4036 nullum
819 3973 854 4036 in
877 3993 917 4038 ee
948 3973 1069 4040 crimen
1096 3975 1203 4040 inesse
1234 3973 1295 4038 sci·

160 4076 222 4137 ret.
252 4072 334 4138 nihil
361 4075 463 4157 igitur
490 4074 579 4140 aliud
601 4075 733 4141 Ovidius
762 4074 902 4141 seribere
929 4079 1037 4160 potuit
1068 4077 1132 4143 nisi
1162 4078 1293 4143 dmum.

154 4175 281 4258 pridem
295 4177 383 4242 unde
397 4182 512 4242 netum
527 4181 579 4256 sit,
594 4178 718 4244 Loersii
733 4198 818 4263 quae
834 4198 933 4263 supra
948 4179 1044 4244 attuli
1055 4179 1155 4246 verbe
1165 4181 1293 4246 docent.

159 4284 271 4344 utrum
293 4281 433 4364 denique
455 4282 534 4347 turn
554 4282 683 4364 deum
707 4283 794 4366 qnod
815 4283 851 4348 in
872 4283 966 4350 eodd.
990 4282 1146 4368 seriptum
1163 4289 1224 4364 est,
1241 4303 1293 4364 en,
