3006 4986
768 330 811 398 56

219 557 288 602 rnen
323 541 367 602 est
399 536 516 615 rneiior,
550 537 605 619 qni
630 557 692 602 non
715 537 872 603 contraria
886 537 969 620 foai,
993 542 1051 602 aut
1072 537 1277 603 hemistichia
1302 543 1365 603 aut

220 639 349 725 singula
370 640 471 706 verba
492 641 544 704 vel
565 641 599 704 iu
621 661 740 706 rasura
761 642 814 706 val
834 641 868 706 in
884 644 990 724 spatio
1006 643 1117 707 relicto
1134 643 1237 707 multo
1253 641 1362 724 plura.

220 746 263 810 ad
286 765 444 809 summam
459 743 703 808 Wilamowitzio
725 750 822 823 teste,
845 745 872 808 si
894 751 983 810 recte
1006 745 1183 824 numeravi,
1200 745 1362 809 2341001s

220 847 426 930 aliquidaut
448 846 576 911 addidit
599 851 658 911 aut
680 847 874 917 immutavit

306 949 423 1031 Itaque
461 949 681 1014 necessarium
720 956 769 1014 est
806 971 975 1033 quaerere,
1013 971 1155 1033 quonam
1192 970 1233 1014 ex
1268 948 1359 1014 fonte

220 1057 383 1118 corrector
405 1052 468 1116 has
490 1053 689 1118 mutationes
712 1053 871 1122 hauserit.

306 1155 397 1232 Quas
410 1155 437 1219 si
449 1175 522 1218 cum
534 1153 790 1238 Guelferbytano
802 1177 1038 1238 comparamus,
1053 1154 1160 1220 XXIV
1171 1161 1299 1220 tautum
1315 1155 1358 1218 ab

220 1259 275 1324 illo
298 1258 470 1324 dissentire
492 1259 638 1322 videmus
662 1278 782 1340 easque
805 1259 979 1324 maximam
1000 1264 1129 1341 partem
1145 1279 1216 1323 esse
1233 1257 1360 1322 levissi-

145 1432 152 1443 ,
220 1381 290 1426 mas
322 1360 410 1426 velut
441 1362 466 1438 1,
496 1361 526 1439 9,
559 1362 611 1440 56,
635 1361 692 1426 ubi
715 1361 821 1427 Guelf.
845 1368 933 1427 recte
956 1363 1099 1444 expediit,
1122 1362 1162 1426 La
1183 1383 1216 1425 m
1238 1362 1362 1443 expedit

219 1463 368 1548 praebet,
391 1462 439 1527 M²
461 1485 477 1528 e
497 1466 546 1528 ita
568 1463 670 1542 addit,
694 1470 731 1528 ut
753 1466 889 1547 eapediet
911 1470 1027 1530 exstet.

308 1567 466 1633 Graviora
488 1563 571 1631 hacc
594 1573 687 1632 sunt:

262 1671 289 1749 I,
312 1671 342 1749 5,
365 1671 406 1735 35
423 1669 463 1732 La
484 1691 517 1734 m
539 1691 613 1733 cum
628 1668 734 1739 Guelf.
758 1676 845 1736 recte
875 1671 978 1736 laesis.
1001 1670 1050 1735 M*
1065 1691 1225 1753 superscr.
1250 1669 1358 1749 labsis,
1486 1718 1487 1740 ,

222 1773 311 1856 quod
346 1773 380 1836 in
414 1773 630 1838 deterioribus
661 1774 858 1856 quibusdam
880 1776 952 1842 cdd.
978 1779 1088 1840 exstat
1110 1779 1143 1838 et
1165 1793 1238 1838 cum
1261 1771 1359 1836 lassis

221 1875 303 1962 (Pal.
337 1877 354 1940 1
387 1878 462 1959 ste.)
497 1878 678 1959 comparari
710 1877 818 1944 debet.
869 1878 966 1942 labsis
999 1877 1128 1942 videtur
1160 1897 1233 1942 esse
1267 1875 1359 1938 varia

224 1979 395 2062 scriptura,
419 2000 502 2062 quas
525 1981 656 2063 saepius
679 1985 713 2045 in
736 1981 844 2046 codice
867 1981 1044 2064 archetypa
1069 1981 1229 2045 exstitisse
1246 1980 1359 2043 statim

220 2081 410 2148 videbimus

263 2185 289 2264 I,
315 2187 366 2266 11,
392 2187 450 2252 15:
472 2186 678 2252 arirnantidas
706 2185 813 2251 Guelf.
852 2185 893 2250 ΙΙ*
914 2185 963 2250 M²
984 2186 1019 2250 in
1040 2207 1158 2252 rasura
1179 2185 1357 2264 atlantides,

221 2289 310 2371 quod
333 2288 494 2372 explicare
517 2309 654 2372 nequeo,

264 2391 318 2471 IV,
341 2395 372 2471 4,
397 2393 457 2459 62:
480 2392 521 2456 tr
542 2392 591 2456 M8
613 2415 686 2457 cum
708 2391 870 2472 Leidensi,
893 2393 939 2458 IV
962 2392 1157 2471 Heinsiauis
1180 2396 1258 2457 vett.
1283 2391 1356 2455 edd.

220 2496 334 2562 sideris
356 2498 445 2580 ipne5
467 2533 508 2545 -
532 2495 638 2562 Guels.
660 2497 793 2579 triporis
816 2518 894 2576 ane;
919 2495 975 2560 alii
998 2498 1113 2562 sideris
1136 2518 1205 2562 aare.

263 2597 319 2676 IV,
335 2599 365 2678 6,
383 2601 440 2664 13:
462 2598 570 2668 Guelf.
587 2605 688 2664 terras
702 2599 881 2666 scindentis.
897 2637 940 2646 -
955 2599 1022 2664 Pal.
1039 2599 1055 2662 Ι
1070 2606 1186 2664 terra-m
1193 2598 1355 2682 findentis.

221 2701 261 2765 ΙΙ*
283 2723 316 2765 m
338 2709 423 2767 terra
444 2704 637 2782 semoventis,
661 2702 749 2783 quod
771 2701 820 2764 Me
847 2701 881 2765 in
904 2709 1021 2768 terram
1042 2704 1222 2768 removeatis
1250 2706 1358 2764 muta-

221 2804 275 2868 vit.
311 2805 425 2868 cadem
454 2804 616 2886 scriptura
644 2804 677 2868 in
710 2803 857 2869 Medieeo
888 2803 904 2867 Ι
931 2805 1106 2888 paucisque
1139 2805 1211 2868 aliis
1240 2808 1355 2868 exstat.

221 2909 405 2973 semoventis
427 2913 461 2974 et
482 2910 675 2988 removeatis,
698 2909 786 2990 quod
809 2908 842 2972 in
861 2908 1015 2973 Leideusi
1036 2908 1181 2992 legimus,
1206 2910 1357 2988 apertum

223 3015 273 3075 ost
295 3017 449 3093 corrupta
471 3031 542 3076 esse
565 3033 605 3075 ex
626 3013 817 3089 renovantis,
841 3013 930 3094 quod
951 3012 1127 3094 genuinum
1151 3031 1222 3076 esse
1244 3011 1357 3073 verisi-

221 3113 389 3178 millimum
411 3120 471 3182 est.
495 3113 536 3180 cf.
562 3135 588 3182 e.
613 3135 643 3198 g.
667 3113 756 3181 Fast.
781 3115 806 3193 I,
833 3114 909 3180 159:

266 3219 345 3283 ann
365 3218 489 3300 patitnr
511 3220 610 3284 enttns
634 3239 709 3302 aper
731 3225 760 3283 et
780 3225 1000 3284 renovator
1022 3223 1138 3282 aratro.

222 3319 275 3386 Tr.
298 3321 336 3399 V,
361 3321 412 3398 12,
435 3322 491 3386 23:
515 3321 647 3386 Fertilis
670 3322 799 3386 assideo
822 3322 852 3385 si
873 3342 936 3386 nan
957 3325 1172 3386 renovatnr
1194 3324 1312 3398 aratro,

222 3423 330 3487 Amor,
353 3425 379 3501 Ι,
403 3423 433 3501 3,
457 3423 495 3500 93
523 3422 600 3492 Met.
626 3425 651 3500 Ι,
676 3424 755 3499 110;
783 3423 852 3502 XV,
877 3423 948 3489 125.
979 3444 1085 3506 neque
1116 3427 1228 3486 tamen
1259 3421 1356 3484 etiam

220 3527 338 3609 {indae
360 3525 407 3590 sic
428 3527 581 3609 usurpari
602 3546 696 3610 nego.
721 3525 758 3591 cf.
781 3525 889 3591 Amor.
913 3527 970 3605 111,
995 3528 1025 3606 8,
1047 3527 1108 3603 ‹tl-3
1132 3525 1184 3590 Tr.
1207 3524 1232 3603 1,
1256 3526 1286 3602 8,
1310 3526 1339 3589 3.

307 3628 396 3694 Haec
419 3631 525 3695 omnia
548 3636 633 3709 suut,
657 3651 741 3713 quae
766 3629 908 3695 aGuclf.
933 3637 966 3694 ct
989 3631 1045 3713 qui
1068 3651 1142 3694 eum
1165 3632 1356 3711 sequuntur,

222 3732 429 3798 dissentiunt.
453 3755 539 3816 quac
562 3737 647 3798 enim
675 3739 800 3799 restant
821 3733 911 3798 velut
932 3733 973 3812 Π,
998 3734 1049 3812 89,
1079 3733 1136 3797 ubi
1158 3731 1265 3796 Guelf.
1288 3734 1355 3810 rner',

222 3835 262 3900 L⁵
282 3857 325 3905 m.
347 3842 435 3900 recte
457 3859 569 3916 rnearn,
592 3858 673 3903 corr.
697 3857 798 3918 snarn,
823 3837 911 3921 quod
934 3836 1091 3902 insulsum
1114 3841 1174 3914 est,
1201 3835 1354 3917 praebet3

221 3937 263 4019 Π,
285 3939 359 4018 403,
388 3939 445 4004 ubi
467 3938 572 4006 Guelf.
595 3947 683 4006 recte
708 3941 807 4022 Caini,
835 3942 923 4006 idem
945 3940 986 4004 La
1007 3961 1049 4020 m,
1072 3960 1152 4006 corr.
1181 3937 1357 4018 attan-lv,

222 4044 253 4122 3,
278 4043 328 4121 13,
351 4042 408 4108 ubi
430 4041 548 4124 Guelf,
572 4043 612 4108 L*
635 4066 673 4108 m·
689 4047 797 4124 vereri,
820 4066 901 4110 corr.
926 4047 1013 4124 tneri,
1037 4043 1124 4126 quod
1140 4064 1157 4106 e
1174 4048 1240 4107 tnta
1248 4027 1357 4106 ¹vereri

222 4151 330 4214 ortum
362 4167 435 4213 esse
458 4151 581 4230 opinor,
610 4147 705 4212 valde
728 4148 862 4214 dubium
886 4152 937 4212 est
958 4152 1069 4212 utrum
1091 4167 1112 4212 a
1134 4145 1278 4212 secunda
1312 4163 1355 4207 an

221 4251 362 4318 atertia
382 4273 480 4318 manu
502 4252 624 4336 scripta
646 4251 722 4318 sint.
