3006 4986
743 331 785 397 52

202 537 284 604 haee
306 537 436 604 Franzii
469 539 655 604 coniectura
688 538 729 604 ab
753 539 901 604 omnibus
927 538 1068 622 probata
1089 537 1336 604 Wilamowitzio

203 647 289 708 teste
312 643 421 709 codiee
443 643 483 708 Ln
505 643 662 710 firmatur.
707 664 781 709 eero
802 644 927 727 reliqui.

750 817 786 884 B.

289 953 414 1032 Restat,
436 957 474 1016 ut
497 973 552 1018 eos
575 951 664 1020 locos
687 953 816 1032 addam,
839 953 874 1017 in
895 951 1013 1037 quibus
1028 951 1068 1015 ΙΙ
1081 951 1207 1037 longius
1222 973 1243 1018 a
1257 952 1337 1017 reli-

203 1077 340 1140 quorum
363 1077 442 1122 suas
465 1055 608 1122 familiae
632 1057 778 1122 oodioum
802 1060 972 1140 seripturis
995 1055 1126 1122 recedit.

88 1140 90 1165 '
200 1160 227 1238 1,
249 1159 280 1239 s,
302 1153 361 1226 as:
384 1157 440 1226 n:

244 1264 282 1330 St
303 1283 362 1330 eoa
383 1265 545 1347 sasenates
561 1271 674 1348 peotes
695 1265 774 1330 mihi
792 1267 918 1348 firmius
940 1266 1063 1344 heret,

203 1367 291 1448 quod
318 1367 351 1430 in
382 1387 477 1432 aere
507 1369 745 1431 immutandum
767 1387 838 1432 esse
862 1373 895 1432 et
917 1389 975 1450 per
998 1388 1032 1432 se
1054 1372 1147 1449 patet
1170 1372 1204 1432 et
1225 1365 1336 1431 Guelf.

201 1491 243 1534 m.
267 1490 292 1535 s.
316 1471 519 1536 demonstrat
541 1491 612 1536 aere
635 1471 816 1536 scribendo,
852 1471 957 1536 simile
980 1477 1039 1549 est,
1063 1473 1152 1554 quod
1173 1474 1207 1535 in
1229 1471 1295 1537 Pal.
1320 1469 1338 1536 I

204 1577 237 1636 et
257 1572 327 1639 rell.
351 1580 473 1639 exstat:

245 1677 282 1742 Si
303 1697 364 1742 νοω
386 1679 557 1760 tnfreyile‘a
575 1683 686 1760 peetus
707 1679 785 1744 mihi
800 1680 930 1762 firmius
952 1683 1062 1744 esset.

202 1779 333 1859 Contra,
357 1783 445 1863 quod
467 1782 541 1848 Vat.
565 1780 590 1860 Ι,
614 1778 683 1850 Pal.
708 1781 751 1860 ΙΙ,
773 1782 840 1846 ΡοΙ.
865 1784 879 1846 l
903 1781 1080 1864 praebent:

244 1883 280 1949 Si
301 1906 361 1950 eoa
381 1887 423 1950 ta
443 1886 586 1969 fretelli
608 1885 705 1950 mihi
723 1892 891 1967 pectore
912 1883 1074 1968 filmior
1096 1891 1214 1965 esset,

151 2015 164 2044 ι
201 1973 411 2070 interpolatio
436 1993 486 2052 est
507 1988 615 2053 verbis
637 1988 722 2054 male
745 1988 915 2054 disiunctis
931 1993 1012 2056 orta.
1043 1988 1130 2052 idem
1145 1987 1287 2052 fo1tasse
1301 1990 1339 2052 in

202 2089 308 2158 Guell.
326 2095 406 2172 erat,
424 2092 482 2156 sed
497 2091 577 2155 nihil
592 2091 719 2157 affirmo
727 2117 735 2168 3
758 2091 928 2175 utriusque
945 2096 1030 2158 enim
1045 2093 1223 2176 scripturae
1238 2093 1339 2155 vesti-

201 2194 255 2279 gia
269 2197 388 2274 insunt,
412 2215 519 2278 neque
535 2202 646 2260 tamen
660 2202 737 2261 utra
752 2217 772 2262 a
786 2197 891 2279 prima
906 2217 1006 2261 manu
1021 2200 1144 2279 scripta
1158 2195 1209 2276 sit,
1225 2199 1300 2260 utra
1315 2215 1339 2260 a

202 2298 353 2378 secunda,
368 2299 482 2382 dispici
489 2304 607 2382 potest,
620 2319 693 2364 oum
700 2300 750 2365 bis
760 2302 849 2384 quod
858 2301 1014 2383 seriptum
1021 2289 1139 2378 inerat,
1147 2319 1275 2365 erasum
1283 2299 1339 2366 sit.

199 2401 225 2480 Ι,
249 2403 279 2481 8,
302 2403 343 2468 37
368 2423 438 2486 sqq.

245 2507 319 2572 Noe
341 2527 397 2590 eoo
420 2513 448 2573 te
464 2505 600 2589 placido
621 2509 761 2590 omitum
782 2527 853 2574 reor
875 2509 953 2574 erbe
978 2506 1113 2590 Quirini,

291 2609 380 2690 Urbe,
403 2631 470 2676 meo
492 2631 573 2692 quae
595 2611 660 2676 lom
682 2631 745 2676 eoa
767 2611 914 2677 adeunde
930 2613 1013 2692 pede
1036 2617 1089 2688 est,

243 2712 306 2778 Sed
327 2714 474 2794 scopam,
497 2713 594 2780 Poete'
616 2733 693 2795 quos
715 2714 792 2780 haee
814 2715 907 2780 hebet
927 2735 986 2779 ora
1008 2713 1140 2794 aotam,

287 2813 389 2896 Inque
409 2816 489 2897 feris
510 2816 656 2900 Scythiae
678 2815 924 2901 Sarmaticisque
946 2806 1039 2900 teoto.

244 2917 290 2982 Et
312 2923 368 2983 tea
390 2924 465 2986 seat
485 2919 589 2984 silices
611 2919 727 2984 oeream
742 2919 934 3000 praecordio
954 2939 1092 2997 oenoe,

286 3019 332 3086 Et
352 3021 489 3105 rioldum
509 3023 591 3104 feret
612 3023 734 3088 semino
749 3027 862 3104 peotes
884 3023 982 3088 hebet.

201 3122 246 3186 sio
268 3121 308 3184 L·
335 3131 423 3202 (nam
449 3145 526 3190 neue
555 3123 635 3189 nihil
664 3124 753 3189 aliud
781 3145 851 3190 esse
880 3128 945 3190 nisi
972 3145 1047 3190 eene
1075 3129 1222 3203 nonest,
1247 3126 1338 3207 quod

200 3227 433 3312 demonstrem)
464 3249 537 3292 eum
565 3227 730 3309 plurimis3
760 3226 877 3306 Guelf„
907 3227 980 3292 Vat.
1011 3227 1036 3306 Ι,
1064 3226 1133 3292 ΡοΙ.
1161 3227 1186 3306 Ι,
1210 3227 1277 3294 Pal.
1300 3227 1335 3291 II

200 3333 267 3395 nott
289 3351 349 3412 pro
371 3352 466 3397 oenoe
487 3329 621 3408 habent,
646 3331 734 3412 quod
756 3331 932 3416 genuinum
955 3351 1026 3396 esse
1049 3352 1114 3396 non
1135 3336 1253 3414 potest.

201 3432 415 3516 Lhssm

243 3535 317 3602 Sive
340 3538 468 3619 aliquod
488 3558 612 3603 morum
634 3558 690 3602 see
711 3539 794 3605 eltae
817 3539 885 3604 lohe
908 3541 1045 3604 careatis

286 3641 348 3706 Est
362 3642 514 3722 preterea,
537 3661 626 3706 nemo
643 3639 754 3722 pluris
777 3643 961 3708 emendes
983 3644 1049 3708 erit.

201 3743 349 3809 emendes
371 3744 420 3821 Μ,
443 3742 512 3810 Pal.
536 3743 561 3820 I,
585 3743 712 3826 reliqui.
737 3782 776 3794 -
800 3732 963 3811 habendes
978 3744 1096 3824 Guelf.,
1120 3745 1194 3814 Vat.
1217 3743 1242 3822 Ι,
1265 3743 1334 3809 Pal.

199 3844 241 3914 11.
273 3847 313 3910 de
344 3845 413 3912 Pol.
442 3847 459 3910 Ι
490 3848 575 3930 apud
600 3845 702 3911 Merk.
726 3847 807 3912 nihil
828 3848 945 3916 inveni.
990 3849 1150 3915 habeadus
1174 3851 1335 3930 interpre-

199 3949 357 4014 tationem
380 3970 453 4016 esse
475 3955 577 4032 patet.

200 4050 417 4135 Lhfflm
498 4064 503 4070 '
949 4121 953 4128 ,

243 4154 333 4222 Haeo
355 4156 433 4221 mihi
453 4176 516 4222 noa
539 4157 641 4222 oriem
663 4158 763 4238 three
786 4158 1011 4224 tonitrusve
1032 4159 1124 4224 sinist
1146 4159 1153 4173 '

286 4257 452 4342 Liaqeeee
475 4265 617 4326 servatae
632 4280 778 4342 poenave
801 4260 881 4326 dixit
903 4263 981 4329 aeis.
