3006 4986
772 373 815 439 48

274 581 356 647 Tam
377 581 477 648 coctos
500 581 646 664 (aamqae
668 579 770 650 oaats
792 599 863 646 aaa
884 580 1002 662 strpata
1025 578 1183 663 tepebat

273 684 383 750 Tarba
405 683 532 769 dacaru)
556 683 604 749 cic
624 683 776 765 inceptores
798 683 944 749 hortatur
965 683 1096 748 oraretis.

231 785 311 851 Stat.
335 785 409 854 silv.
432 784 471 865 V,
496 785 525 864 1,
549 785 608 850 25:
632 786 699 852 b‘oet
721 787 823 851 omats
838 786 964 867 pariter
984 789 1152 851 matertera
1173 789 1275 850 catera

274 888 384 956 Oroats
406 887 741 972 Apocctaaareperec
762 887 943 970 Bacchique
964 886 1121 953 sacerdos.

229 990 319 1056 Haec
342 991 490 1075 exempla
512 989 685 1061 sufficiant

275 1093 399 1159 Iterum
420 1094 520 1177 igitur
540 1093 687 1165 videmus
709 1096 766 1158 ils
788 1095 965 1158 tantum
994 1095 1233 1170 codicibus,
1255 1109 1368 1172 quos

229 1201 427 1299 famillae
452 1201 489 1262 Δ
519 1198 921 1275 annumeravimus,
950 1199 1084 1260 ficiem
1114 1197 1367 1261 habendam

230 1320 338 1380 esse,
362 1319 517 1366 eorum
539 1306 688 1366 autem
717 1303 951 1378 librorum,
979 1302 1057 1380 qui
1087 1318 1188 1364 eum
1214 1301 1310 1363 Pal.
1338 1301 1367 1360 I

229 1408 412 1484 faetent,
435 1407 748 1469 auetorltatem
769 1421 864 1470 esse
885 1405 1070 1468 nullam.

771 1559 826 1624 IV.

365 1679 418 1745 De
441 1677 656 1745 codicibus
678 1678 984 1744 Laurentisne*
1006 1675 1227 1746 similibus.

317 1821 356 1884 In
384 1817 434 1897 iis,
464 1837 549 1902 quae
577 1836 677 1900 supra
704 1815 875 1898 disputavi,
907 1821 1011 1881 testes
1041 1814 1138 1880 attuli
1167 1815 1216 1894 Lr,
1244 1812 1364 1892 Guelf,

231 1921 304 1990 Vat.
327 1921 353 2000 Ι,
376 1920 444 1986 Pol.
467 1923 492 1999 Ι,
515 1919 585 1986 Pal.
609 1918 650 1997 11,
673 1923 841 2002 tamquam
863 1921 892 1984 si
913 1918 1038 1983 nullum
1059 1921 1145 1983 inter
1168 1937 1222 1983 cos
1250 1916 1364 1982 discri-

229 2045 304 2090 men
336 2024 523 2102 interesset,
559 2027 592 2087 et
623 2042 696 2088 meo
719 2021 851 2105 quidem
871 2021 953 2092 iure.
997 2042 1103 2105 neque
1125 2026 1236 2086 tamen
1257 2021 1290 2086 in
1311 2019 1364 2086 his

230 2148 359 2212 quoque
390 2127 554 2194 codicibus
588 2125 824 2208 scriptuarum
855 2126 936 2191 satis
969 2145 1122 2209 magnam
1149 2125 1365 2190 variationem

231 2253 303 2298 esse
326 2252 419 2315 nege.
443 2231 532 2315 quod
553 2229 632 2313 quid
653 2233 688 2293 in
705 2228 912 2294 recensendis
927 2228 1016 2294 hisce
1032 2228 1228 2294 carminibus
1243 2227 1364 2307 valeat,

229 2336 420 2419 priusquam
454 2332 638 2417 diligentius
678 2353 853 2416 exponam,
887 2334 928 2396 de
966 2331 1059 2399 codd.
1093 2330 1364 2416 Guelferbytana

231 2441 305 2509 Vct.
328 2437 355 2518 Ι,
377 2438 444 2504 Pal.
468 2437 500 2502 ΙΙ
522 2456 628 2520 pauca
648 2437 728 2502 mihi
750 2436 939 2502 disserenda
961 2441 1047 2502 sunt.

316 2541 363 2608 Ac
396 2540 515 2606 codicis
548 2540 681 2623 quidem
714 2538 1042 2625 Guelferbytani,
1076 2540 1162 2605 inter
1195 2538 1364 2604 Gudianos

230 2669 262 2710 ιι.
288 2645 360 2725 192,
393 2643 641 2722 membranacei,
670 2641 829 2726 oblongae
852 2642 986 2722 formae,
1009 2643 1246 2728 quinquaginta
1268 2641 1365 2707 folio-

230 2769 312 2828 rum,
336 2768 421 2813 saec.
443 2746 524 2812 XIII
539 2745 659 2828 scripti,
683 2765 703 2810 a
719 2745 960 2829 Schweigero
976 2750 1052 2810 ante
1068 2745 1128 2811 hos
1144 2745 1365 2830 quadraginta

232 2871 334 2917 annos
357 2851 495 2929 excussi,
518 2848 722 2914 collationem
737 2848 979 2915 accuratissime
994 2847 1116 2914 factam
1131 2869 1152 2912 a
1166 2847 1364 2914 Kiesslin-

230 2956 308 3040 gio,
324 2957 533 3037 praeceptore
555 2951 751 3031 venerando,
774 2953 893 3035 accepi.
919 2952 954 3016 in
970 2952 1094 3018 Italia
1117 2953 1275 3035 scriptum
1288 2970 1363 3015 esse

220 3059 317 3140 ‚hunc
342 3057 461 3122 librum
487 3077 560 3121 cum
589 3055 719 3122 litterae
741 3061 811 3121 tum
834 3056 1003 3140 explicatio
1027 3058 1188 3140 quaedam
1210 3056 1253 3122 ad
1278 3061 1364 3120 serta

231 3162 268 3244 (Ι,
297 3163 327 3242 I,
354 3161 387 3244 2)
417 3160 597 3245 adscripta:
628 3159 800 3242 pbtrtaada
832 3158 960 3242 probat.
1004 3159 1202 3225 librarius
1234 3159 1269 3222 in
1293 3158 1364 3224 ‘hoc

149 3319 153 3322 .
231 3263 341 3330 codice
375 3264 540 3328 exarando
574 3283 700 3328 summa
732 3263 901 3348 diligentia
932 3283 1013 3328 usus
1041 3268 1100 3342 est,
1122 3283 1229 3345 neque
1250 3267 1363 3327 tamen

232 3368 318 3436 omni
350 3366 428 3431 vitio
461 3371 561 3444 caret,
592 3365 671 3449 quin
693 3365 792 3432 etiam
814 3365 876 3430 toti
898 3371 1011 3432 versus
1034 3367 1146 3432 omissi
1169 3371 1245 3432 suut
1267 3364 1306 3451 (Ι,
1331 3366 1362 3448 1,

232 3472 289 3547 so;
304 3468 330 3548 1,
346 3469 377 3549 r,
392 3469 513 3547 20-13
528 3467 586 3546 111,
605 3469 654 3548 ιι,
673 3455 1363 3553 15-16;1v,1,73-6),qu0ss'eounca

230 3591 356 3659 manus,
388 3592 473 3656 quae
506 3572 596 3637 haud
629 3571 766 3636 scioan
788 3571 903 3637 eadem
925 3572 1028 3638 sitae
1050 3573 1164 3656 prima,
1188 3571 1361 3656 supplevit,

231 3675 621 3762 exceptoun0(III‚12,
648 3673 701 3762 16)
729 3695 883 3840 amanux
903 3675 1046 3758 quadam
1070 3676 1294 3741 recentissima
1325 3675 1361 3738 in

230 3779 375 3865 margine
398 3779 572 3861 adscripto

316 3881 492 3948 Praeterea
524 3901 546 3946 a
579 3883 754 3946 secunda
775 3886 847 3964 (aut
861 3780 985 3966 terea)
974 3884 1107 3966 >manu
1130 3880 1363 3964 explicationes

231 3969 416 4070 adscriptae
439 3990 516 4052 sunt
536 3985 720 4064 maximam,
743 3990 833 4067 puto,
857 3990 1000 4068 partem
1007 4006 1025 4048 e
1047 3985 1156 4050 codice
1183 3984 1362 4069 archetype
1452 4002 1456 4010 ·

231 4095 389 4174 sumptae,
412 4088 498 4153 velun
520 4107 569 4168 ea,
593 4109 692 4171 quam
713 4087 757 4152 ad
778 4087 819 4167 Π,
842 4087 906 4153 415
928 4087 1035 4152 attuli.
1275 4153 1280 4162 ,

315 4191 449 4259 Accedit
480 4191 609 4257 tertia
641 4211 757 4256 manus
790 4190 935 4273 antiqua,
971 4211 1055 4274 quae
1089 4211 1162 4256 cum
1194 4191 1362 4256 rarissime

228 4303 358 4363 tantum
379 4294 503 4380 aliquid
524 4295 751 4374 immutaverit,
775 4295 903 4362 omnino
925 4294 1045 4360 nullius
1067 4297 1225 4365 momenti
1247 4297 1308 4363 est.
