3006 4986
707 339 751 406 45

163 569 204 612 ne
227 548 420 633 adstipuler.
464 547 558 614 valde
582 549 667 614 enim
697 548 820 627 dubito,
854 569 932 612 num
962 549 1043 632 procl
1074 557 1213 632 superest
1243 551 1293 634 ,in

158 657 338 735 posterrrm“
364 675 435 720 esse
457 659 571 739 possit,
586 677 660 720 cum
675 655 833 734 omnibus,
849 659 1008 738 quantum
1024 654 1175 737 equidem
1189 654 1294 733 video,

164 757 255 837 locis,
287 761 386 824 etiam
413 761 447 823 in
477 779 515 826 eo
544 781 652 839 versu,
675 780 772 842 quem
792 758 896 825 Merk.
918 757 1015 831 affert
1036 758 1090 845 (V,
1112 759 1154 837 5,
1167 758 1236 842 17),
1253 757 1296 823 sit

165 861 255 924 dum
276 861 410 927 vivam
432 861 489 946 (—
505 882 551 942 es,
566 901 609 910 -
625 867 659 928 et
674 863 760 949 etc),
783 867 985 946 quantum
1006 861 1102 926 mihi
1124 860 1197 946 (tibi
1219 862 1294 944 eto.)

165 964 383 1046 supererit
409 968 536 1034 vitae.
579 971 752 1049 praeterea
779 971 889 1032 autem
918 964 1103 1031 futurorum
1125 968 1295 1047 poetarum

163 1067 284 1132 mentio
317 1066 358 1132 ab
391 1067 454 1132 hoc
485 1068 556 1135 loco
589 1069 787 1135 alienissima
819 1073 871 1135 est
898 1069 1062 1152 (fferam,
1085 1066 1296 1151 quodetiam

164 1168 269 1236 Merk.
305 1173 447 1237 sensisse
480 1170 556 1236 inde
590 1171 715 1257 colligo,
738 1172 827 1254 quod
848 1172 946 1238 socios
967 1177 1083 1254 postea
1104 1173 1242 1237 removit
1263 1175 1296 1235 et

163 1273 294 1355 aornos,
318 1273 566 1360 Guelferbytani
588 1275 792 1359 scripturam,
813 1276 848 1340 in
869 1280 995 1341 textum
1017 1275 1149 1360 recepit.

250 1395 315 1462 Sed
348 1417 390 1460 ne
422 1395 468 1460 sio
490 1395 622 1479 quidem
644 1394 793 1462 Ovidium
814 1397 981 1480 scripsisse
1002 1396 1082 1462 mihi
1103 1415 1296 1480 persuasum

165 1505 226 1567 est,
258 1519 346 1578 nam,
360 1498 438 1564 licet
447 1499 579 1580 publico
594 1501 735 1566 eornm
749 1502 855 1587 possit
870 1499 1025 1583 explicari
1039 1504 1097 1565 aut
1111 1503 1150 1564 ut
1162 1497 1296 1564 Loersio

162 1603 304 1688 placuit:
334 1622 413 1685 quoe
438 1603 477 1668 ob
498 1603 638 1670 manitas
660 1604 722 1688 legi
737 1610 871 1686 possent
892 1603 1029 1689 (locare
1051 1603 1133 1668 enin
1153 1623 1214 1668 reor
1235 1615 1297 1668 om-

162 1706 256 1773 nibus
290 1705 360 1771 licet
393 1705 498 1789 lepore,
526 1712 609 1772 eene
640 1727 701 1773 oon
732 1707 871 1772 mrmibas
900 1706 1020 1788 scripta
1050 1706 1147 1789 suot),
1180 1710 1238 1770 aut
1258 1709 1298 1770 ιιι

165 1808 361 1876 scholiastae
397 1807 514 1873 codicis
536 1809 689 1878 Reland.:
722 1829 802 1892 quoe
833 1813 907 1875 aar
938 1811 976 1874 de
1001 1808 1134 1892 publico
1165 1809 1297 1874 suaa

165 1911 280 1992 (Merk.
315 1911 356 1976 de
379 1909 552 1977 Fastorum
579 1913 613 1977 in
629 1908 730 1978 ‘exilio
752 1913 983 1979 retractatione
1005 1910 1194 1996 cogitabat),
1218 1911 1297 1994 quid

165 2021 234 2082 est:
267 2016 388 2081 oornwe
419 2015 501 2082 ioasi
521 2037 668 2082 mensores
689 2037 754 2089 esse
775 2017 909 2082 amaris
929 2015 1016 2081 mei?
1035 2015 1130 2080 aliter
1152 2013 1237 2079 enim
1259 2035 1298 2080 ac

163 2119 283 2204 pieriae
303 2138 388 2184 meae
409 2118 463 2183 vix
484 2139 580 2202 posse
596 2119 740 2204 intellegi
754 2119 888 2186 connais
901 2120 962 2185 mei
975 2137 1166 2202 persuasum
1180 2117 1296 2182 habeo.

251 2238 494 2304 Sententiarum
509 2259 629 2303 nexum
643 2245 731 2305 recte
752 2239 956 2323 perspexisse
976 2237 1105 2304 videtur
1119 2237 1296 2316 Bentleius,

165 2342 223 2427 qui
244 2341 395 2408 coniecit:
418 2343 499 2424 qood
520 2349 661 2425 superest
681 2343 802 2409 caimos
823 2345 866 2409 oct
887 2343 1030 2408 tristia
1053 2343 1194 2408 eerraira
1202 2341 1299 2424 fleri,-
1350 2342 1354 2347 ’

165 2446 234 2524 sed,
268 2467 341 2511 oum
362 2444 491 2528 reliqua
511 2445 636 2512 intacta
657 2445 836 2530 reliquerit,
858 2449 978 2511 iterum
1000 2465 1132 2529 quaero,
1156 2444 1234 2529 quid
1256 2444 1299 2510 sit
1381 2511 1384 2518 ,

164 2549 285 2616 caunos
305 2569 387 2614 meos
408 2549 490 2614 tressi
511 2570 657 2616 memores
678 2570 744 2616 esse
766 2549 900 2616 nominis
921 2550 983 2614 sai
1006 2549 1067 2636 (sic
1089 2549 1174 2614 enim
1195 2551 1230 2613 in
1246 2548 1297 2613 ed.

163 2652 275 2718 Burm.
298 2653 428 2737 legitur,
444 2655 535 2718 cuius
550 2657 585 2717 in
599 2658 744 2739 margine
761 2653 1001 2720 emendationes
1023 2673 1101 2720 suas
1123 2651 1298 2735 adscripsit

162 2755 285 2840 Bentl.)
303 2758 475 2840 tsuspioor
495 2758 596 2842 igitur
618 2779 683 2824 non
704 2757 738 2822 in
754 2757 894 2840 publico,
915 2757 1022 2822 sedin
1035 2757 1170 2826 nominis
1183 2756 1298 2821 vitium

162 2863 272 2926 inesse
287 2859 500 2944 Ovidiumque
524 2861 691 2945 scripsisse
713 2863 858 2942 temporis
873 2860 925 2926 vel
939 2860 1043 2926 simile
1058 2859 1146 2944 quid.
1179 2867 1298 2941 termas

160 2963 225 3029 hoo
247 2965 343 3030 modo
365 2971 543 3047 usurpatur
563 2963 602 3043 V,
628 2965 678 3044 12,
702 2964 745 3028 34
766 2984 814 3047 sq.

214 3081 364 3150 (lorraine
385 3084 505 3167 cernito
525 3085 604 3150 erili
625 3090 698 3150 aar
718 3083 817 3163 nollo,
840 3089 896 3148 ort
916 3083 1027 3166 quello
1050 3081 1157 3160 cernis,

250 3185 361 3271 Diprro
382 3187 434 3253 sui
455 3188 571 3254 domini
593 3193 778 3269 tempore,
801 3187 899 3272 dioro
921 3186 994 3254 loeo.

165 3305 244 3372 Met.
266 3307 323 3388 lv,
346 3307 409 3374 693
432 3328 498 3391 sq.;
522 3307 574 3372 Tr.
597 3307 623 3388 I,
648 3309 677 3387 1,
700 3307 722 3372 4
745 3313 804 3374 eto.

161 3409 203 3489 V,
227 3410 256 3489 l,
279 3411 322 3477 63
344 3431 392 3494 sq.

208 3529 393 3614 Stroapalot
413 3531 557 3598 inclusos
578 3531 664 3598 dolor
685 3537 776 3613 otone
797 3533 1016 3596 eeoestaot
1036 3529 1130 3594 intas.

254 3631 379 3718 Cogitur
401 3641 428 3701 et
449 3635 532 3700 vires
552 3633 763 3717 muliplicem
784 3652 870 3698 snos.

165 3760 324 3822 emetat
338 3755 447 3826 Guelf.
469 3757 523 3842 (ee
542 3775 672 3821 erasum
693 3759 753 3832 est,
776 3752 824 3818 ita
842 3757 962 3832 tamen,
985 3758 1023 3818 ut
1042 3751 1162 3836 optime
1184 3750 1300 3834 dispici

163 3857 292 3948 possit),
320 3858 389 3930 Pol.
417 3858 449 3937 1;
483 3865 573 3942 utque
605 3863 726 3924 nemrot
747 3855 822 3922 Vat.
851 3857 876 3922 1.
899 3893 942 3902 -
965 3875 1017 3922 cor
1038 3861 1160 3922 noaret
1181 3853 1249 3921 Pal.
1272 3852 1298 3933 I,

164 3958 272 4041 Goth,
289 3961 344 4028 alii
352 3988 361 4041 3
377 3983 429 4029 cor
444 3968 565 4029 eeaaot
579 3962 631 4028 Π).
648 3983 665 4026 e
680 3965 886 4044 pentametro
901 3958 1007 4024 elucet
1021 3960 1107 4026 cordi
1124 3959 1178 4025 hic
1193 3957 1300 4023 locum

164 4083 231 4128 non
265 4085 347 4135 esse.
393 4072 547 4132 coaestuet
578 4071 698 4144 autem,
732 4061 935 4129 Rothmaleri
968 4063 1163 4141 coniectura,
1200 4081 1300 4144 quam

161 4165 292 4234 Riesius
323 4171 358 4233 in
390 4173 517 4233 textum
549 4170 683 4251 recepit,
708 4166 797 4249 apud
818 4171 946 4231 veteres
970 4165 1146 4248 scriptores
1169 4165 1299 4231 omnino

162 4291 230 4338 non
263 4277 379 4366 erstat,
411 4292 517 4354 neque
541 4291 624 4354 opus
646 4275 698 4336 est
720 4269 916 4348 coniectura,
939 4287 1013 4334 cum
1034 4275 1194 4336 maminot
1215 4270 1299 4352 opti·
