<?xml version="1.0" encoding="UTF-8"?>
<!DOCTYPE html PUBLIC "-//W3C//DTD XHTML 1.0 Transitional//EN"
    "http://www.w3.org/TR/xhtml1/DTD/xhtml1-transitional.dtd">
<html xmlns="http://www.w3.org/1999/xhtml" xml:lang="en" lang="en">
 <head>
  <title>
</title>
<meta http-equiv="Content-Type" content="text/html;charset=utf-8" />
  <meta name='ocr-system' content='tesseract 3.04.00' />
  <meta name='ocr-capabilities' content='ocr_page ocr_carea ocr_par ocr_line ocrx_word'/>
</head>
<body>
  <div class='ocr_page' id='page_1' title='image "./detristibusovid00tankgoog_0013.png"; bbox 0 0 3006 4986; ppageno 0'>
   <div class='ocr_carea' id='block_1_1' title="bbox 766 355 788 418">
    <p class='ocr_par' dir='ltr' id='par_1_1' title="bbox 766 355 788 418">
     <span class='ocr_line' id='line_1_1' title="bbox 766 355 788 418; baseline 0 0"><span class='ocrx_word' id='word_1_1' title='bbox 766 355 788 418; x_wconf 90' lang='lat'>4</span> 
     </span>
    </p>
   </div>
   <div class='ocr_carea' id='block_1_2' title="bbox 125 559 1347 2390">
    <p class='ocr_par' dir='ltr' id='par_1_2' title="bbox 210 559 1345 1058">
     <span class='ocr_line' id='line_1_2' title="bbox 210 559 1345 646; baseline 0.004 -20"><span class='ocrx_word' id='word_1_2' title='bbox 210 559 348 626; x_wconf 86' lang='lat' dir='ltr'>tentiam</span> <span class='ocrx_word' id='word_1_3' title='bbox 370 559 467 643; x_wconf 84' lang='lat' dir='ltr'>plane</span> <span class='ocrx_word' id='word_1_4' title='bbox 490 561 673 644; x_wconf 78' lang='lat' dir='ltr'>neglegens,</span> <span class='ocrx_word' id='word_1_5' title='bbox 719 561 903 626; x_wconf 87' lang='lat' dir='ltr'>huiusmodi</span> <span class='ocrx_word' id='word_1_6' title='bbox 927 569 1023 626; x_wconf 91' lang='lat' dir='ltr'>sunt:</span> <span class='ocrx_word' id='word_1_7' title='bbox 1051 563 1156 630; x_wconf 79' lang='lat' dir='ltr'>inter</span> <span class='ocrx_word' id='word_1_8' title='bbox 1178 563 1251 646; x_wconf 88' lang='lat' dir='ltr'>(pro</span> <span class='ocrx_word' id='word_1_9' title='bbox 1275 569 1345 631; x_wconf 80' lang='lat' dir='ltr'>totis</span> 
     </span>
     <span class='ocr_line' id='line_1_3' title="bbox 210 661 1345 752; baseline 0.005 -26"><span class='ocrx_word' id='word_1_10' title='bbox 210 661 236 742; x_wconf 96' lang='grc' dir='ltr'>Ι,</span> <span class='ocrx_word' id='word_1_11' title='bbox 259 663 289 742; x_wconf 88' lang='lat'>5,</span> <span class='ocrx_word' id='word_1_12' title='bbox 313 663 388 745; x_wconf 86' lang='lat'>61);</span> <span class='ocrx_word' id='word_1_13' title='bbox 411 664 546 730; x_wconf 78' lang='lat' dir='ltr'>clorio</span> <span class='ocrx_word' id='word_1_14' title='bbox 569 667 640 746; x_wconf 89' lang='lat' dir='ltr'>(pro</span> <span class='ocrx_word' id='word_1_15' title='bbox 665 662 735 744; x_wconf 83' lang='lat'>000,</span> <span class='ocrx_word' id='word_1_16' title='bbox 759 685 888 729; x_wconf 86' lang='lat' dir='ltr'>eversu</span> <span class='ocrx_word' id='word_1_17' title='bbox 911 665 1076 748; x_wconf 84' lang='lat' dir='ltr'>superiore</span> <span class='ocrx_word' id='word_1_18' title='bbox 1091 664 1116 744; x_wconf 90' lang='lat' dir='ltr'>I,</span> <span class='ocrx_word' id='word_1_19' title='bbox 1133 667 1164 745; x_wconf 89' lang='grc'>6,</span> <span class='ocrx_word' id='word_1_20' title='bbox 1180 668 1229 752; x_wconf 84' lang='grc'>2);</span> <span class='ocrx_word' id='word_1_21' title='bbox 1252 669 1345 734; x_wconf 67' lang='lat' dir='ltr'>aaut</span> 
     </span>
     <span class='ocr_line' id='line_1_4' title="bbox 210 766 1345 856; baseline 0.002 -24"><span class='ocrx_word' id='word_1_22' title='bbox 210 767 275 853; x_wconf 87' lang='lat' dir='ltr'>(pr.</span> <span class='ocrx_word' id='word_1_23' title='bbox 293 767 386 848; x_wconf 79' lang='lat' dir='ltr'>pede,</span> <span class='ocrx_word' id='word_1_24' title='bbox 410 786 449 830; x_wconf 84' lang='lat' dir='ltr'>ex</span> <span class='ocrx_word' id='word_1_25' title='bbox 472 766 586 831; x_wconf 91' lang='lat' dir='ltr'>eodem</span> <span class='ocrx_word' id='word_1_26' title='bbox 607 787 689 856; x_wconf 86' lang='lat' dir='ltr'>vers.</span> <span class='ocrx_word' id='word_1_27' title='bbox 712 769 807 846; x_wconf 83' lang='lat'>1,10‚</span> <span class='ocrx_word' id='word_1_28' title='bbox 831 769 903 852; x_wconf 76' lang='lat'><strong>23);</strong></span> <span class='ocrx_word' id='word_1_29' title='bbox 919 789 1067 850; x_wconf 80' lang='lat' dir='ltr'>parsq3</span> <span class='ocrx_word' id='word_1_30' title='bbox 1091 770 1153 854; x_wconf 86' lang='lat' dir='ltr'>(pr.</span> <span class='ocrx_word' id='word_1_31' title='bbox 1163 792 1281 852; x_wconf 80' lang='lat' dir='ltr'>parvo,</span> <span class='ocrx_word' id='word_1_32' title='bbox 1306 792 1345 834; x_wconf 91' lang='lat' dir='ltr'>ex</span> 
     </span>
     <span class='ocr_line' id='line_1_5' title="bbox 211 869 1345 958; baseline 0.002 -24"><span class='ocrx_word' id='word_1_33' title='bbox 211 871 282 938; x_wconf 89' lang='lat' dir='ltr'>eod.</span> <span class='ocrx_word' id='word_1_34' title='bbox 305 889 388 936; x_wconf 88' lang='lat' dir='ltr'>vers.</span> <span class='ocrx_word' id='word_1_35' title='bbox 412 869 445 933; x_wconf 94' lang='lat' dir='ltr'>II</span> <span class='ocrx_word' id='word_1_36' title='bbox 467 869 524 955; x_wconf 85' lang='grc'>58)</span> <span class='ocrx_word' id='word_1_37' title='bbox 536 895 545 946; x_wconf 90' lang='grc'><strong>;</strong></span> <span class='ocrx_word' id='word_1_38' title='bbox 568 876 601 936; x_wconf 86' lang='lat' dir='ltr'>et</span> <span class='ocrx_word' id='word_1_39' title='bbox 622 871 793 936; x_wconf 80' lang='lat' dir='ltr'>uulnera</span> <span class='ocrx_word' id='word_1_40' title='bbox 815 873 879 958; x_wconf 91' lang='lat' dir='ltr'>(pr.</span> <span class='ocrx_word' id='word_1_41' title='bbox 904 874 961 938; x_wconf 82' lang='lat' dir='ltr'>sab</span> <span class='ocrx_word' id='word_1_42' title='bbox 984 873 1070 950; x_wconf 81' lang='lat' dir='ltr'>doce,</span> <span class='ocrx_word' id='word_1_43' title='bbox 1094 893 1207 936; x_wconf 81' lang='lat' dir='ltr'>euers.</span> <span class='ocrx_word' id='word_1_44' title='bbox 1226 895 1297 956; x_wconf 85' lang='lat' dir='ltr'>sup.</span> <span class='ocrx_word' id='word_1_45' title='bbox 1313 873 1345 936; x_wconf 88' lang='lat'>11</span> 
     </span>
     <span class='ocr_line' id='line_1_6' title="bbox 211 963 811 1058; baseline 0.003 -22"><span class='ocrx_word' id='word_1_46' title='bbox 211 972 318 1058; x_wconf 82' lang='lat'>320.);</span> <span class='ocrx_word' id='word_1_47' title='bbox 340 963 369 1037; x_wconf 56' lang='grc' dir='ltr'>νζ</span> <span class='ocrx_word' id='word_1_48' title='bbox 392 971 456 1038; x_wconf 83' lang='grc'>359</span> <span class='ocrx_word' id='word_1_49' title='bbox 478 971 512 1035; x_wconf 88' lang='lat' dir='ltr'>in</span> <span class='ocrx_word' id='word_1_50' title='bbox 534 971 583 1042; x_wconf 53' lang='grc' dir='ltr'>ΙΙΙ.</span> <span class='ocrx_word' id='word_1_51' title='bbox 607 975 653 1038; x_wconf 87' lang='lat' dir='ltr'>sic</span> <span class='ocrx_word' id='word_1_52' title='bbox 675 972 811 1056; x_wconf 83' lang='lat' dir='ltr'>legitur:</span> 
     </span>
    </p>

    <p class='ocr_par' dir='ltr' id='par_1_3' title="bbox 211 1076 1345 1360">
     <span class='ocr_line' id='line_1_7' title="bbox 296 1076 1345 1160; baseline 0.003 -18"><span class='ocrx_word' id='word_1_53' title='bbox 296 1076 416 1142; x_wconf 78' lang='lat' dir='ltr'>Accius</span> <span class='ocrx_word' id='word_1_54' title='bbox 435 1096 501 1142; x_wconf 84' lang='lat' dir='ltr'>eece</span> <span class='ocrx_word' id='word_1_55' title='bbox 524 1077 584 1159; x_wconf 77' lang='lat' dir='ltr'>(pn</span> <span class='ocrx_word' id='word_1_56' title='bbox 606 1079 696 1159; x_wconf 84' lang='lat' dir='ltr'>esset)</span> <span class='ocrx_word' id='word_1_57' title='bbox 721 1083 813 1142; x_wconf 75' lang='lat' dir='ltr'>atros</span> <span class='ocrx_word' id='word_1_58' title='bbox 835 1097 1000 1160; x_wconf 80' lang='lat' dir='ltr'>operam</span> <span class='ocrx_word' id='word_1_59' title='bbox 1022 1079 1243 1144; x_wconf 77' lang='lat' dir='ltr'>cTerrenco&#39;os</span> <span class='ocrx_word' id='word_1_60' title='bbox 1257 1086 1345 1146; x_wconf 84' lang='lat' dir='ltr'>esset.</span> 
     </span>
     <span class='ocr_line' id='line_1_8' title="bbox 211 1180 1344 1264; baseline 0.003 -20"><span class='ocrx_word' id='word_1_61' title='bbox 211 1199 280 1261; x_wconf 84' lang='lat' dir='ltr'>ope</span> <span class='ocrx_word' id='word_1_62' title='bbox 293 1200 379 1244; x_wconf 81' lang='lat' dir='ltr'>ram</span> <span class='ocrx_word' id='word_1_63' title='bbox 402 1189 427 1260; x_wconf 72' lang='grc' dir='ltr'>ἒ,</span> <span class='ocrx_word' id='word_1_64' title='bbox 462 1181 550 1263; x_wconf 91' lang='lat' dir='ltr'>quod</span> <span class='ocrx_word' id='word_1_65' title='bbox 582 1180 757 1264; x_wconf 86' lang='lat' dir='ltr'>genuinum</span> <span class='ocrx_word' id='word_1_66' title='bbox 796 1183 956 1246; x_wconf 76' lang='lat' dir='ltr'><em>convivam</em></span> <span class='ocrx_word' id='word_1_67' title='bbox 983 1180 1167 1260; x_wconf 81' lang='lat' dir='ltr'>eliminavit,</span> <span class='ocrx_word' id='word_1_68' title='bbox 1203 1204 1220 1246; x_wconf 87' lang='lat' dir='ltr'>e</span> <span class='ocrx_word' id='word_1_69' title='bbox 1250 1203 1344 1246; x_wconf 87' lang='lat' dir='ltr'>versu</span> 
     </span>
     <span class='ocr_line' id='line_1_9' title="bbox 211 1282 863 1360; baseline 0 -14"><span class='ocrx_word' id='word_1_70' title='bbox 211 1283 275 1346; x_wconf 86' lang='grc'>355</span> <span class='ocrx_word' id='word_1_71' title='bbox 298 1285 333 1345; x_wconf 89' lang='lat' dir='ltr'>in</span> <span class='ocrx_word' id='word_1_72' title='bbox 353 1282 440 1347; x_wconf 89' lang='lat' dir='ltr'>hunc</span> <span class='ocrx_word' id='word_1_73' title='bbox 460 1282 566 1346; x_wconf 90' lang='lat' dir='ltr'>locum</span> <span class='ocrx_word' id='word_1_74' title='bbox 588 1283 782 1348; x_wconf 91' lang='lat' dir='ltr'>translatum</span> <span class='ocrx_word' id='word_1_75' title='bbox 805 1288 863 1360; x_wconf 90' lang='lat' dir='ltr'>est.</span> 
     </span>
    </p>

    <p class='ocr_par' dir='ltr' id='par_1_4' title="bbox 125 1382 1347 2390">
     <span class='ocr_line' id='line_1_10' title="bbox 125 1382 1343 1474; baseline 0.006 -29"><span class='ocrx_word' id='word_1_76' title='bbox 125 1404 227 1474; x_wconf 58' lang='lat' dir='ltr'>&gt;w-</span> <span class='ocrx_word' id='word_1_77' title='bbox 296 1382 386 1448; x_wconf 88' lang='lat' dir='ltr'>Haec</span> <span class='ocrx_word' id='word_1_78' title='bbox 409 1385 557 1468; x_wconf 85' lang='lat' dir='ltr'>exempla</span> <span class='ocrx_word' id='word_1_79' title='bbox 579 1384 752 1464; x_wconf 86' lang='lat' dir='ltr'>sufficiant,</span> <span class='ocrx_word' id='word_1_80' title='bbox 776 1385 856 1450; x_wconf 88' lang='lat' dir='ltr'>talia</span> <span class='ocrx_word' id='word_1_81' title='bbox 868 1388 952 1450; x_wconf 83' lang='lat' dir='ltr'>enirn</span> <span class='ocrx_word' id='word_1_82' title='bbox 964 1388 1127 1452; x_wconf 87' lang='lat' dir='ltr'>cumulare</span> <span class='ocrx_word' id='word_1_83' title='bbox 1140 1409 1205 1453; x_wconf 92' lang='lat' dir='ltr'>non</span> <span class='ocrx_word' id='word_1_84' title='bbox 1217 1388 1343 1452; x_wconf 88' lang='lat' dir='ltr'>attinet.</span> 
     </span>
     <span class='ocr_line' id='line_1_11' title="bbox 298 1486 1346 1574; baseline 0.004 -24"><span class='ocrx_word' id='word_1_85' title='bbox 298 1486 396 1551; x_wconf 84' lang='lat' dir='ltr'>Aliud</span> <span class='ocrx_word' id='word_1_86' title='bbox 420 1491 588 1554; x_wconf 81' lang='lat' dir='ltr'>socordiae</span> <span class='ocrx_word' id='word_1_87' title='bbox 615 1489 845 1568; x_wconf 83' lang='lat' dir='ltr'>testimonium,</span> <span class='ocrx_word' id='word_1_88' title='bbox 879 1495 917 1554; x_wconf 93' lang='lat' dir='ltr'>ut</span> <span class='ocrx_word' id='word_1_89' title='bbox 947 1492 1146 1574; x_wconf 84' lang='lat' dir='ltr'>singulorum</span> <span class='ocrx_word' id='word_1_90' title='bbox 1174 1490 1346 1556; x_wconf 88' lang='lat' dir='ltr'>verborum</span> 
     </span>
     <span class='ocr_line' id='line_1_12' title="bbox 211 1590 1347 1677; baseline 0.004 -24"><span class='ocrx_word' id='word_1_91' title='bbox 211 1590 419 1656; x_wconf 75' lang='lat' dir='ltr'>traiectiones</span> <span class='ocrx_word' id='word_1_92' title='bbox 441 1593 476 1656; x_wconf 91' lang='lat' dir='ltr'>in</span> <span class='ocrx_word' id='word_1_93' title='bbox 498 1593 646 1658; x_wconf 89' lang='lat' dir='ltr'>omnibus</span> <span class='ocrx_word' id='word_1_94' title='bbox 668 1593 737 1658; x_wconf 87' lang='lat' dir='ltr'>fere</span> <span class='ocrx_word' id='word_1_95' title='bbox 759 1592 850 1659; x_wconf 89' lang='lat' dir='ltr'>libris</span> <span class='ocrx_word' id='word_1_96' title='bbox 874 1594 1061 1677; x_wconf 90' lang='lat' dir='ltr'>saepissime</span> <span class='ocrx_word' id='word_1_97' title='bbox 1083 1601 1229 1677; x_wconf 89' lang='lat' dir='ltr'>repertas</span> <span class='ocrx_word' id='word_1_98' title='bbox 1253 1597 1347 1658; x_wconf 68' lang='lat' dir='ltr'>omit</span> 
     </span>
     <span class='ocr_line' id='line_1_13' title="bbox 160 1696 1346 1778; baseline 0.003 -21"><span class='ocrx_word' id='word_1_99' title='bbox 160 1709 170 1746; x_wconf 65' lang='lat' dir='ltr'>r</span> <span class='ocrx_word' id='word_1_100' title='bbox 212 1698 290 1778; x_wconf 84' lang='lat' dir='ltr'>tam,</span> <span class='ocrx_word' id='word_1_101' title='bbox 323 1715 470 1759; x_wconf 83' lang='lat' dir='ltr'>uersus</span> <span class='ocrx_word' id='word_1_102' title='bbox 493 1702 589 1760; x_wconf 92' lang='lat' dir='ltr'>sunt</span> <span class='ocrx_word' id='word_1_103' title='bbox 614 1696 827 1762; x_wconf 82' lang='lat' dir='ltr'>insalsum</span> <span class='ocrx_word' id='word_1_104' title='bbox 858 1697 993 1762; x_wconf 90' lang='lat' dir='ltr'>locum</span> <span class='ocrx_word' id='word_1_105' title='bbox 1021 1698 1225 1763; x_wconf 75' lang='lat' dir='ltr'>translati</span> <span class='ocrx_word' id='word_1_106' title='bbox 1257 1698 1346 1762; x_wconf 90' lang='lat' dir='ltr'>velut</span> 
     </span>
     <span class='ocr_line' id='line_1_14' title="bbox 209 1793 493 1876; baseline 0.018 -18"><span class='ocrx_word' id='word_1_107' title='bbox 209 1793 237 1866; x_wconf 81' lang='grc' dir='ltr'>Ι.</span> <span class='ocrx_word' id='word_1_108' title='bbox 262 1796 292 1876; x_wconf 81' lang='grc'>7,</span> <span class='ocrx_word' id='word_1_109' title='bbox 316 1797 357 1862; x_wconf 92' lang='grc'>15</span> <span class='ocrx_word' id='word_1_110' title='bbox 380 1802 413 1861; x_wconf 93' lang='lat' dir='ltr'>et</span> <span class='ocrx_word' id='word_1_111' title='bbox 437 1799 493 1863; x_wconf 80' lang='lat'>16:</span> 
     </span>
     <span class='ocr_line' id='line_1_15' title="bbox 210 1901 1148 1986; baseline 0.004 -20"><span class='ocrx_word' id='word_1_112' title='bbox 210 1963 211 1966; x_wconf 74' lang='grc'><strong>,</strong></span> <span class='ocrx_word' id='word_1_113' title='bbox 301 1901 392 1968; x_wconf 82' lang='lat' dir='ltr'>Haec</span> <span class='ocrx_word' id='word_1_114' title='bbox 414 1923 470 1986; x_wconf 71' lang='lat' dir='ltr'>epo</span> <span class='ocrx_word' id='word_1_115' title='bbox 492 1903 661 1984; x_wconf 78' lang='lat' dir='ltr'>discedens,</span> <span class='ocrx_word' id='word_1_116' title='bbox 684 1905 765 1969; x_wconf 80' lang='lat' dir='ltr'>sicat</span> <span class='ocrx_word' id='word_1_117' title='bbox 786 1905 860 1969; x_wconf 82' lang='lat' dir='ltr'>dene</span> <span class='ocrx_word' id='word_1_118' title='bbox 881 1905 981 1969; x_wconf 82' lang='lat' dir='ltr'>multu</span> <span class='ocrx_word' id='word_1_119' title='bbox 1001 1925 1148 1984; x_wconf 83' lang='lat' dir='ltr'>meorum,</span> 
     </span>
     <span class='ocr_line' id='line_1_16' title="bbox 339 2003 1052 2090; baseline 0.006 -22"><span class='ocrx_word' id='word_1_120' title='bbox 339 2003 416 2086; x_wconf 79' lang='lat' dir='ltr'>Ipse</span> <span class='ocrx_word' id='word_1_121' title='bbox 433 2027 504 2072; x_wconf 79' lang='lat' dir='ltr'>mou</span> <span class='ocrx_word' id='word_1_122' title='bbox 520 2009 616 2088; x_wconf 76' lang='lat' dir='ltr'>posui</span> <span class='ocrx_word' id='word_1_123' title='bbox 636 2012 775 2072; x_wconf 81' lang='lat' dir='ltr'>maestus</span> <span class='ocrx_word' id='word_1_124' title='bbox 795 2007 829 2070; x_wconf 80' lang='lat' dir='ltr'>iu</span> <span class='ocrx_word' id='word_1_125' title='bbox 851 2009 923 2090; x_wconf 72' lang='lat' dir='ltr'>tyna</span> <span class='ocrx_word' id='word_1_126' title='bbox 945 2027 1052 2072; x_wconf 81' lang='lat' dir='ltr'>muna.</span> 
     </span>
     <span class='ocr_line' id='line_1_17' title="bbox 210 2108 792 2188; baseline 0.002 -17"><span class='ocrx_word' id='word_1_127' title='bbox 210 2111 289 2188; x_wconf 85' lang='lat' dir='ltr'>post</span> <span class='ocrx_word' id='word_1_128' title='bbox 311 2127 339 2177; x_wconf 87' lang='lat' dir='ltr'>v.</span> <span class='ocrx_word' id='word_1_129' title='bbox 365 2108 423 2174; x_wconf 86' lang='lat'>19:</span> <span class='ocrx_word' id='word_1_130' title='bbox 790 2169 792 2172; x_wconf 86' lang='lat'>.</span> 
     </span>
     <span class='ocr_line' id='line_1_18' title="bbox 257 2210 1065 2294; baseline 0.005 -20"><span class='ocrx_word' id='word_1_131' title='bbox 257 2210 310 2275; x_wconf 77' lang='lat' dir='ltr'>Sic</span> <span class='ocrx_word' id='word_1_132' title='bbox 332 2229 386 2294; x_wconf 75' lang='lat' dir='ltr'>epo</span> <span class='ocrx_word' id='word_1_133' title='bbox 407 2231 471 2276; x_wconf 86' lang='lat' dir='ltr'>noa</span> <span class='ocrx_word' id='word_1_134' title='bbox 492 2213 616 2278; x_wconf 67' lang='lat' dir='ltr'>mentes</span> <span class='ocrx_word' id='word_1_135' title='bbox 638 2232 759 2280; x_wconf 81' lang='lat' dir='ltr'>mecam</span> <span class='ocrx_word' id='word_1_136' title='bbox 774 2213 923 2293; x_wconf 76' lang='lat' dir='ltr'>peritura</span> <span class='ocrx_word' id='word_1_137' title='bbox 945 2213 1065 2279; x_wconf 81' lang='lat' dir='ltr'>libellos</span> 
     </span>
     <span class='ocr_line' id='line_1_19' title="bbox 212 2311 459 2390; baseline 0.012 -15"><span class='ocrx_word' id='word_1_138' title='bbox 212 2315 245 2376; x_wconf 91' lang='lat' dir='ltr'>et</span> <span class='ocrx_word' id='word_1_139' title='bbox 266 2311 324 2390; x_wconf 93' lang='grc' dir='ltr'><strong>ΙΙΙ,</strong></span> <span class='ocrx_word' id='word_1_140' title='bbox 345 2312 377 2390; x_wconf 86' lang='grc'>4,</span> <span class='ocrx_word' id='word_1_141' title='bbox 401 2313 459 2378; x_wconf 80' lang='lat'>78:</span> 
     </span>
    </p>
   </div>
   <div class='ocr_carea' id='block_1_3' title="bbox 259 2414 864 2502">
    <p class='ocr_par' dir='ltr' id='par_1_5' title="bbox 259 2414 864 2502">
     <span class='ocr_line' id='line_1_20' title="bbox 259 2414 864 2502; baseline 0.003 -21"><span class='ocrx_word' id='word_1_142' title='bbox 259 2414 398 2481; x_wconf 76' lang='lat' dir='ltr'>Cantasti</span> <span class='ocrx_word' id='word_1_143' title='bbox 419 2415 517 2483; x_wconf 77' lang='lat' dir='ltr'>simili</span> <span class='ocrx_word' id='word_1_144' title='bbox 538 2424 621 2484; x_wconf 81' lang='lat' dir='ltr'>sorte</span> <span class='ocrx_word' id='word_1_145' title='bbox 642 2419 759 2502; x_wconf 65' lang='lat' dir='ltr'>rosetis</span> <span class='ocrx_word' id='word_1_146' title='bbox 780 2419 864 2484; x_wconf 82' lang='lat' dir='ltr'>idem</span> 
     </span>
    </p>
   </div>
   <div class='ocr_carea' id='block_1_4' title="bbox 212 2516 1343 2606">
    <p class='ocr_par' dir='ltr' id='par_1_6' title="bbox 212 2516 1343 2606">
     <span class='ocr_line' id='line_1_21' title="bbox 212 2516 1343 2606; baseline 0.002 -24"><span class='ocrx_word' id='word_1_147' title='bbox 212 2521 299 2582; x_wconf 87' lang='lat' dir='ltr'>teste</span> <span class='ocrx_word' id='word_1_148' title='bbox 313 2516 419 2582; x_wconf 88' lang='lat' dir='ltr'>Keilio</span> <span class='ocrx_word' id='word_1_149' title='bbox 435 2518 627 2606; x_wconf 88' lang='lat' dir='ltr'>(seeundum</span> <span class='ocrx_word' id='word_1_150' title='bbox 638 2521 710 2586; x_wconf 91' lang='lat' dir='ltr'>Wil.</span> <span class='ocrx_word' id='word_1_151' title='bbox 727 2521 779 2585; x_wconf 91' lang='lat' dir='ltr'>hic</span> <span class='ocrx_word' id='word_1_152' title='bbox 794 2541 907 2585; x_wconf 90' lang='lat' dir='ltr'>versus</span> <span class='ocrx_word' id='word_1_153' title='bbox 924 2519 1060 2585; x_wconf 89' lang='lat' dir='ltr'>omissus</span> <span class='ocrx_word' id='word_1_154' title='bbox 1077 2519 1140 2606; x_wconf 88' lang='lat' dir='ltr'>est)</span> <span class='ocrx_word' id='word_1_155' title='bbox 1156 2525 1231 2584; x_wconf 88' lang='lat' dir='ltr'>ante</span> <span class='ocrx_word' id='word_1_156' title='bbox 1242 2541 1272 2584; x_wconf 81' lang='lat' dir='ltr'>v.</span> <span class='ocrx_word' id='word_1_157' title='bbox 1285 2521 1343 2586; x_wconf 76' lang='lat'>77:</span> 
     </span>
    </p>
   </div>
   <div class='ocr_carea' id='block_1_5' title="bbox 213 2619 1128 2788">
    <p class='ocr_par' dir='ltr' id='par_1_7' title="bbox 213 2619 1128 2788">
     <span class='ocr_line' id='line_1_22' title="bbox 257 2619 1128 2708; baseline 0.003 -22"><span class='ocrx_word' id='word_1_158' title='bbox 257 2619 419 2703; x_wconf 81' lang='lat' dir='ltr'>Prospero</span> <span class='ocrx_word' id='word_1_159' title='bbox 440 2623 486 2688; x_wconf 83' lang='lat' dir='ltr'>sic</span> <span class='ocrx_word' id='word_1_160' title='bbox 507 2630 633 2690; x_wconf 83' lang='lat' dir='ltr'>moneat</span> <span class='ocrx_word' id='word_1_161' title='bbox 653 2625 740 2690; x_wconf 82' lang='lat' dir='ltr'>uobis</span> <span class='ocrx_word' id='word_1_162' title='bbox 760 2625 891 2708; x_wconf 74' lang='lat' dir='ltr'>satana</span> <span class='ocrx_word' id='word_1_163' title='bbox 912 2644 967 2690; x_wconf 84' lang='lat' dir='ltr'>neo</span> <span class='ocrx_word' id='word_1_164' title='bbox 988 2645 1128 2706; x_wconf 78' lang='lat' dir='ltr'>anquam</span> 
     </span>
     <span class='ocr_line' id='line_1_23' title="bbox 213 2720 713 2788; baseline 0.004 0"><span class='ocrx_word' id='word_1_165' title='bbox 213 2725 338 2788; x_wconf 88' lang='lat' dir='ltr'>inserti.</span> <span class='ocrx_word' id='word_1_166' title='bbox 708 2720 713 2726; x_wconf 62' lang='grc'><em>’</em></span> 
     </span>
    </p>
   </div>
   <div class='ocr_carea' id='block_1_6' title="bbox 215 2825 1345 3220">
    <p class='ocr_par' dir='ltr' id='par_1_8' title="bbox 215 2825 1345 3220">
     <span class='ocr_line' id='line_1_24' title="bbox 301 2825 1345 2910; baseline 0.004 -21"><span class='ocrx_word' id='word_1_167' title='bbox 301 2825 497 2891; x_wconf 81' lang='lat' dir='ltr'>Gravissime</span> <span class='ocrx_word' id='word_1_168' title='bbox 521 2827 660 2910; x_wconf 89' lang='lat' dir='ltr'>denique</span> <span class='ocrx_word' id='word_1_169' title='bbox 682 2828 826 2892; x_wconf 90' lang='lat' dir='ltr'>incuriae</span> <span class='ocrx_word' id='word_1_170' title='bbox 850 2849 923 2892; x_wconf 86' lang='lat' dir='ltr'>oum</span> <span class='ocrx_word' id='word_1_171' title='bbox 939 2833 1094 2892; x_wconf 89' lang='lat' dir='ltr'>accusant</span> <span class='ocrx_word' id='word_1_172' title='bbox 1108 2849 1244 2894; x_wconf 84' lang='lat' dir='ltr'>versus</span> <span class='ocrx_word' id='word_1_173' title='bbox 1268 2832 1345 2894; x_wconf 88' lang='lat' dir='ltr'>oir-</span> 
     </span>
     <span class='ocr_line' id='line_1_25' title="bbox 215 2927 1345 3018; baseline 0.007 -26"><span class='ocrx_word' id='word_1_174' title='bbox 215 2929 319 2993; x_wconf 91' lang='lat' dir='ltr'>citer</span> <span class='ocrx_word' id='word_1_175' title='bbox 339 2927 429 2992; x_wconf 86' lang='lat' dir='ltr'>XXX</span> <span class='ocrx_word' id='word_1_176' title='bbox 452 2930 635 3015; x_wconf 88' lang='lat' dir='ltr'>omissi¹⁰)</span> <span class='ocrx_word' id='word_1_177' title='bbox 659 2931 724 2996; x_wconf 82' lang='lat' dir='ltr'>scil.</span> <span class='ocrx_word' id='word_1_178' title='bbox 740 2931 766 3008; x_wconf 94' lang='lat' dir='ltr'>I,</span> <span class='ocrx_word' id='word_1_179' title='bbox 789 2933 820 3010; x_wconf 81' lang='lat'>6,</span> <span class='ocrx_word' id='word_1_180' title='bbox 844 2931 886 2996; x_wconf 88' lang='grc'>34</span> <span class='ocrx_word' id='word_1_181' title='bbox 908 2931 1005 3013; x_wconf 86' lang='lat' dir='ltr'>(Ries.</span> <span class='ocrx_word' id='word_1_182' title='bbox 1021 2931 1104 2996; x_wconf 91' lang='lat' dir='ltr'>nihil</span> <span class='ocrx_word' id='word_1_183' title='bbox 1118 2931 1258 3018; x_wconf 84' lang='lat' dir='ltr'>annot.);</span> <span class='ocrx_word' id='word_1_184' title='bbox 1273 2933 1298 3012; x_wconf 92' lang='lat' dir='ltr'>I,</span> <span class='ocrx_word' id='word_1_185' title='bbox 1315 2937 1345 3012; x_wconf 85' lang='lat'>8,</span> 
     </span>
     <span class='ocr_line' id='line_1_26' title="bbox 215 3031 1343 3122; baseline 0.004 -26"><span class='ocrx_word' id='word_1_186' title='bbox 215 3031 275 3108; x_wconf 76' lang='lat'>333</span> <span class='ocrx_word' id='word_1_187' title='bbox 309 3033 334 3110; x_wconf 91' lang='grc' dir='ltr'>Ι,</span> <span class='ocrx_word' id='word_1_188' title='bbox 371 3033 421 3110; x_wconf 86' lang='grc'>10,</span> <span class='ocrx_word' id='word_1_189' title='bbox 456 3031 513 3110; x_wconf 77' lang='lat'>113</span> <span class='ocrx_word' id='word_1_190' title='bbox 546 3033 572 3112; x_wconf 93' lang='grc' dir='ltr'>Ι,</span> <span class='ocrx_word' id='word_1_191' title='bbox 608 3035 657 3113; x_wconf 90' lang='grc'>11,</span> <span class='ocrx_word' id='word_1_192' title='bbox 692 3035 732 3098; x_wconf 83' lang='grc'>21</span> <span class='ocrx_word' id='word_1_193' title='bbox 757 3035 856 3117; x_wconf 88' lang='lat' dir='ltr'>(Ries.</span> <span class='ocrx_word' id='word_1_194' title='bbox 891 3035 970 3099; x_wconf 92' lang='lat' dir='ltr'>nihil</span> <span class='ocrx_word' id='word_1_195' title='bbox 998 3039 1127 3118; x_wconf 91' lang='lat' dir='ltr'>annot);</span> <span class='ocrx_word' id='word_1_196' title='bbox 1150 3035 1191 3114; x_wconf 89' lang='grc' dir='ltr'>ΙΙ,</span> <span class='ocrx_word' id='word_1_197' title='bbox 1225 3038 1241 3098; x_wconf 90' lang='grc'>1</span> <span class='ocrx_word' id='word_1_198' title='bbox 1276 3037 1343 3122; x_wconf 87' lang='lat' dir='ltr'>(se-</span> 
     </span>
     <span class='ocr_line' id='line_1_27' title="bbox 215 3133 1344 3220; baseline 0.004 -23"><span class='ocrx_word' id='word_1_199' title='bbox 215 3134 357 3198; x_wconf 89' lang='lat' dir='ltr'>cundum</span> <span class='ocrx_word' id='word_1_200' title='bbox 384 3133 470 3204; x_wconf 89' lang='lat' dir='ltr'>Ries.</span> <span class='ocrx_word' id='word_1_201' title='bbox 503 3139 602 3203; x_wconf 87' lang='lat' dir='ltr'>etiam</span> <span class='ocrx_word' id='word_1_202' title='bbox 624 3158 706 3204; x_wconf 86' lang='lat' dir='ltr'>vers.</span> <span class='ocrx_word' id='word_1_203' title='bbox 735 3138 755 3202; x_wconf 81' lang='lat'><strong>2</strong></span> <span class='ocrx_word' id='word_1_204' title='bbox 786 3143 820 3202; x_wconf 90' lang='lat' dir='ltr'>et</span> <span class='ocrx_word' id='word_1_205' title='bbox 849 3142 878 3203; x_wconf 84' lang='lat'>3.</span> <span class='ocrx_word' id='word_1_206' title='bbox 917 3137 990 3202; x_wconf 91' lang='lat' dir='ltr'>Wil.</span> <span class='ocrx_word' id='word_1_207' title='bbox 1018 3138 1100 3202; x_wconf 90' lang='lat' dir='ltr'>nihil</span> <span class='ocrx_word' id='word_1_208' title='bbox 1122 3137 1264 3220; x_wconf 84' lang='lat' dir='ltr'>annot.);</span> <span class='ocrx_word' id='word_1_209' title='bbox 1287 3138 1328 3202; x_wconf 84' lang='lat'>56</span> <span class='ocrx_word' id='word_1_210' title='bbox 1336 3163 1344 3213; x_wconf 92' lang='grc'><strong>;</strong></span> 
     </span>
    </p>
   </div>
   <div class='ocr_carea' id='block_1_7' title="bbox 214 3339 1348 4346">
    <p class='ocr_par' dir='ltr' id='par_1_9' title="bbox 214 3339 1348 3928">
     <span class='ocr_line' id='line_1_28' title="bbox 288 3339 1347 3412; baseline -0.003 -17"><span class='ocrx_word' id='word_1_211' title='bbox 288 3339 320 3412; x_wconf 87' lang='lat'>¹⁰)</span> <span class='ocrx_word' id='word_1_212' title='bbox 340 3341 470 3396; x_wconf 83' lang='lat' dir='ltr'>Socordia</span> <span class='ocrx_word' id='word_1_213' title='bbox 487 3341 627 3396; x_wconf 87' lang='lat' dir='ltr'>librarium</span> <span class='ocrx_word' id='word_1_214' title='bbox 645 3343 695 3397; x_wconf 88' lang='lat' dir='ltr'>hos</span> <span class='ocrx_word' id='word_1_215' title='bbox 714 3359 807 3396; x_wconf 85' lang='lat' dir='ltr'>versus</span> <span class='ocrx_word' id='word_1_216' title='bbox 826 3343 950 3396; x_wconf 90' lang='lat' dir='ltr'>omisisse</span> <span class='ocrx_word' id='word_1_217' title='bbox 971 3342 1040 3407; x_wconf 82' lang='lat' dir='ltr'>dico,</span> <span class='ocrx_word' id='word_1_218' title='bbox 1059 3342 1171 3410; x_wconf 88' lang='lat' dir='ltr'>nequis</span> <span class='ocrx_word' id='word_1_219' title='bbox 1194 3341 1347 3411; x_wconf 86' lang='lat' dir='ltr'>suspicetur</span> 
     </span>
     <span class='ocr_line' id='line_1_29' title="bbox 218 3427 1346 3498; baseline -0.002 -18"><span class='ocrx_word' id='word_1_220' title='bbox 218 3427 343 3496; x_wconf 85' lang='lat' dir='ltr'>disticha,</span> <span class='ocrx_word' id='word_1_221' title='bbox 362 3444 473 3498; x_wconf 88' lang='lat' dir='ltr'>quorum</span> <span class='ocrx_word' id='word_1_222' title='bbox 492 3432 539 3482; x_wconf 84' lang='lat' dir='ltr'>aut</span> <span class='ocrx_word' id='word_1_223' title='bbox 557 3428 626 3482; x_wconf 88' lang='lat' dir='ltr'>alter</span> <span class='ocrx_word' id='word_1_224' title='bbox 643 3431 689 3481; x_wconf 90' lang='lat' dir='ltr'>aut</span> <span class='ocrx_word' id='word_1_225' title='bbox 706 3431 818 3497; x_wconf 84' lang='lat' dir='ltr'>uterque</span> <span class='ocrx_word' id='word_1_226' title='bbox 844 3444 936 3481; x_wconf 89' lang='lat' dir='ltr'>versus</span> <span class='ocrx_word' id='word_1_227' title='bbox 960 3428 1039 3495; x_wconf 84' lang='lat' dir='ltr'>desit,</span> <span class='ocrx_word' id='word_1_228' title='bbox 1065 3428 1156 3496; x_wconf 90' lang='lat' dir='ltr'>spuria</span> <span class='ocrx_word' id='word_1_229' title='bbox 1179 3443 1244 3481; x_wconf 87' lang='lat' dir='ltr'>esse</span> <span class='ocrx_word' id='word_1_230' title='bbox 1261 3443 1346 3495; x_wconf 91' lang='lat' dir='ltr'>neque</span> 
     </span>
     <span class='ocr_line' id='line_1_30' title="bbox 217 3512 1344 3584; baseline -0.002 -18"><span class='ocrx_word' id='word_1_231' title='bbox 217 3514 246 3567; x_wconf 89' lang='lat' dir='ltr'>in</span> <span class='ocrx_word' id='word_1_232' title='bbox 265 3513 359 3568; x_wconf 88' lang='lat' dir='ltr'>codice</span> <span class='ocrx_word' id='word_1_233' title='bbox 376 3515 522 3584; x_wconf 86' lang='lat' dir='ltr'>archetypo</span> <span class='ocrx_word' id='word_1_234' title='bbox 540 3514 688 3567; x_wconf 86' lang='lat' dir='ltr'>exstitisse.</span> <span class='ocrx_word' id='word_1_235' title='bbox 707 3513 898 3567; x_wconf 85' lang='lat' dir='ltr'>refutaturhoc</span> <span class='ocrx_word' id='word_1_236' title='bbox 916 3529 976 3566; x_wconf 89' lang='lat' dir='ltr'>cum</span> <span class='ocrx_word' id='word_1_237' title='bbox 990 3513 1128 3567; x_wconf 80' lang='lat' dir='ltr'>codicibus</span> <span class='ocrx_word' id='word_1_238' title='bbox 1140 3513 1177 3565; x_wconf 74' lang='lat' dir='ltr'>La</span> <span class='ocrx_word' id='word_1_239' title='bbox 1191 3512 1344 3578; x_wconf 87' lang='lat' dir='ltr'>simillimis,</span> 
     </span>
     <span class='ocr_line' id='line_1_31' title="bbox 218 3599 1347 3668; baseline -0.002 -16"><span class='ocrx_word' id='word_1_240' title='bbox 218 3602 357 3668; x_wconf 77' lang='lat' dir='ltr'>apntrnn,</span> <span class='ocrx_word' id='word_1_241' title='bbox 378 3600 481 3668; x_wconf 91' lang='lat' dir='ltr'>opinor,</span> <span class='ocrx_word' id='word_1_242' title='bbox 502 3600 630 3665; x_wconf 84' lang='lat' dir='ltr'>oriundis,</span> <span class='ocrx_word' id='word_1_243' title='bbox 652 3599 685 3652; x_wconf 92' lang='lat' dir='ltr'>de</span> <span class='ocrx_word' id='word_1_244' title='bbox 704 3600 801 3667; x_wconf 91' lang='lat' dir='ltr'>quibus</span> <span class='ocrx_word' id='word_1_245' title='bbox 818 3602 913 3667; x_wconf 87' lang='lat' dir='ltr'>postea</span> <span class='ocrx_word' id='word_1_246' title='bbox 926 3599 1110 3667; x_wconf 86' lang='lat' dir='ltr'>disputaturus</span> <span class='ocrx_word' id='word_1_247' title='bbox 1125 3615 1192 3666; x_wconf 88' lang='lat' dir='ltr'>sum,</span> <span class='ocrx_word' id='word_1_248' title='bbox 1210 3601 1267 3652; x_wconf 91' lang='lat' dir='ltr'>tum</span> <span class='ocrx_word' id='word_1_249' title='bbox 1278 3600 1347 3666; x_wconf 87' lang='lat' dir='ltr'>ipsis</span> 
     </span>
     <span class='ocr_line' id='line_1_32' title="bbox 216 3673 1347 3756; baseline -0.001 -16"><span class='ocrx_word' id='word_1_250' title='bbox 216 3686 341 3740; x_wconf 88' lang='lat' dir='ltr'>versibus</span> <span class='ocrx_word' id='word_1_251' title='bbox 360 3685 499 3740; x_wconf 88' lang='lat' dir='ltr'>alibrario</span> <span class='ocrx_word' id='word_1_252' title='bbox 512 3687 627 3756; x_wconf 90' lang='lat' dir='ltr'>pessime</span> <span class='ocrx_word' id='word_1_253' title='bbox 641 3673 778 3754; x_wconf 84' lang='lat' dir='ltr'>neglectis,</span> <span class='ocrx_word' id='word_1_254' title='bbox 799 3701 909 3754; x_wconf 88' lang='lat' dir='ltr'>quorum</span> <span class='ocrx_word' id='word_1_255' title='bbox 923 3687 975 3740; x_wconf 91' lang='lat' dir='ltr'>etsi</span> <span class='ocrx_word' id='word_1_256' title='bbox 988 3684 1137 3755; x_wconf 88' lang='lat' dir='ltr'>complures</span> <span class='ocrx_word' id='word_1_257' title='bbox 1150 3686 1267 3738; x_wconf 86' lang='lat' dir='ltr'>virorum</span> <span class='ocrx_word' id='word_1_258' title='bbox 1283 3686 1347 3740; x_wconf 92' lang='lat' dir='ltr'>doc·</span> 
     </span>
     <span class='ocr_line' id='line_1_33' title="bbox 214 3769 1348 3842; baseline 0 -18"><span class='ocrx_word' id='word_1_259' title='bbox 214 3775 303 3827; x_wconf 88' lang='lat' dir='ltr'>torum</span> <span class='ocrx_word' id='word_1_260' title='bbox 334 3773 512 3842; x_wconf 85' lang='lat' dir='ltr'>suspicionem</span> <span class='ocrx_word' id='word_1_261' title='bbox 537 3775 686 3837; x_wconf 89' lang='lat' dir='ltr'>moverunt,</span> <span class='ocrx_word' id='word_1_262' title='bbox 711 3769 785 3823; x_wconf 90' lang='lat' dir='ltr'>velut</span> <span class='ocrx_word' id='word_1_263' title='bbox 808 3771 858 3839; x_wconf 90' lang='grc' dir='ltr'>ΠΙ,</span> <span class='ocrx_word' id='word_1_264' title='bbox 882 3774 907 3836; x_wconf 87' lang='grc'>4,</span> <span class='ocrx_word' id='word_1_265' title='bbox 933 3771 1043 3824; x_wconf 82' lang='grc'>73-74.</span> <span class='ocrx_word' id='word_1_266' title='bbox 1081 3769 1205 3839; x_wconf 87' lang='lat' dir='ltr'>(Heinsio</span> <span class='ocrx_word' id='word_1_267' title='bbox 1228 3771 1348 3839; x_wconf 87' lang='lat' dir='ltr'>suspecti</span> 
     </span>
     <span class='ocr_line' id='line_1_34' title="bbox 215 3858 346 3928; baseline 0.015 -16"><span class='ocrx_word' id='word_1_268' title='bbox 215 3858 346 3928; x_wconf 83' lang='lat' dir='ltr'>firerunt):</span> 
     </span>
    </p>

    <p class='ocr_par' dir='ltr' id='par_1_10' title="bbox 251 3943 948 4013">
     <span class='ocr_line' id='line_1_35' title="bbox 251 3943 948 4013; baseline 0 -15"><span class='ocrx_word' id='word_1_269' title='bbox 251 3943 331 4012; x_wconf 76' lang='lat' dir='ltr'>,Scite</span> <span class='ocrx_word' id='word_1_270' title='bbox 349 3949 447 4011; x_wconf 78' lang='lat' dir='ltr'>tumeo,</span> <span class='ocrx_word' id='word_1_271' title='bbox 465 3943 589 4012; x_wconf 78' lang='lat' dir='ltr'>quamuis</span> <span class='ocrx_word' id='word_1_272' title='bbox 606 3944 689 4013; x_wconf 68' lang='lat' dir='ltr'>tenua</span> <span class='ocrx_word' id='word_1_273' title='bbox 706 3943 815 4012; x_wconf 69' lang='lat' dir='ltr'>cesione</span> <span class='ocrx_word' id='word_1_274' title='bbox 829 3948 948 3998; x_wconf 82' lang='lat' dir='ltr'>remotus</span> 
     </span>
    </p>

    <p class='ocr_par' dir='ltr' id='par_1_11' title="bbox 214 4028 1347 4346">
     <span class='ocr_line' id='line_1_36' title="bbox 284 4028 875 4100; baseline 0 -17"><span class='ocrx_word' id='word_1_275' title='bbox 284 4028 389 4097; x_wconf 78' lang='lat' dir='ltr'>Absim,</span> <span class='ocrx_word' id='word_1_276' title='bbox 406 4043 454 4082; x_wconf 82' lang='lat' dir='ltr'>uos</span> <span class='ocrx_word' id='word_1_277' title='bbox 470 4029 562 4098; x_wconf 74' lang='lat' dir='ltr'>animo</span> <span class='ocrx_word' id='word_1_278' title='bbox 580 4044 682 4100; x_wconf 78' lang='lat' dir='ltr'>semper</span> <span class='ocrx_word' id='word_1_279' title='bbox 700 4029 794 4084; x_wconf 83' lang='lat' dir='ltr'>adesse</span> <span class='ocrx_word' id='word_1_280' title='bbox 810 4045 875 4084; x_wconf 84' lang='lat' dir='ltr'>meo.</span> 
     </span>
     <span class='ocr_line' id='line_1_37' title="bbox 217 4115 1347 4186; baseline -0.001 -17"><span class='ocrx_word' id='word_1_281' title='bbox 217 4115 315 4186; x_wconf 90' lang='lat' dir='ltr'>quibus</span> <span class='ocrx_word' id='word_1_282' title='bbox 335 4115 525 4168; x_wconf 86' lang='lat' dir='ltr'>sententiarum</span> <span class='ocrx_word' id='word_1_283' title='bbox 543 4131 637 4169; x_wconf 89' lang='lat' dir='ltr'>nexum</span> <span class='ocrx_word' id='word_1_284' title='bbox 657 4116 752 4169; x_wconf 89' lang='lat' dir='ltr'>misere</span> <span class='ocrx_word' id='word_1_285' title='bbox 775 4116 909 4185; x_wconf 80' lang='lat' dir='ltr'>corrumpi</span> <span class='ocrx_word' id='word_1_286' title='bbox 933 4131 986 4169; x_wconf 91' lang='lat' dir='ltr'>non</span> <span class='ocrx_word' id='word_1_287' title='bbox 1010 4119 1052 4170; x_wconf 91' lang='lat' dir='ltr'>est</span> <span class='ocrx_word' id='word_1_288' title='bbox 1074 4115 1146 4184; x_wconf 91' lang='lat' dir='ltr'>quod</span> <span class='ocrx_word' id='word_1_289' title='bbox 1170 4115 1278 4185; x_wconf 83' lang='lat' dir='ltr'>longius</span> <span class='ocrx_word' id='word_1_290' title='bbox 1300 4115 1347 4169; x_wconf 91' lang='lat' dir='ltr'>de·</span> 
     </span>
     <span class='ocr_line' id='line_1_38' title="bbox 214 4198 1346 4271; baseline -0.005 -14"><span class='ocrx_word' id='word_1_291' title='bbox 214 4218 298 4266; x_wconf 89' lang='lat' dir='ltr'>ceam,</span> <span class='ocrx_word' id='word_1_292' title='bbox 317 4198 427 4269; x_wconf 87' lang='lat' dir='ltr'>plurimi</span> <span class='ocrx_word' id='word_1_293' title='bbox 445 4203 534 4255; x_wconf 83' lang='lat' dir='ltr'>tamen</span> <span class='ocrx_word' id='word_1_294' title='bbox 552 4201 646 4255; x_wconf 87' lang='lat' dir='ltr'>deesse</span> <span class='ocrx_word' id='word_1_295' title='bbox 669 4201 777 4257; x_wconf 88' lang='lat' dir='ltr'>omnino</span> <span class='ocrx_word' id='word_1_296' title='bbox 796 4217 850 4256; x_wconf 92' lang='lat' dir='ltr'>non</span> <span class='ocrx_word' id='word_1_297' title='bbox 867 4205 990 4270; x_wconf 87' lang='lat' dir='ltr'>possunt,</span> <span class='ocrx_word' id='word_1_298' title='bbox 1008 4200 1119 4271; x_wconf 87' lang='lat' dir='ltr'>reliquis</span> <span class='ocrx_word' id='word_1_299' title='bbox 1142 4217 1221 4270; x_wconf 81' lang='lat' dir='ltr'>segre</span> <span class='ocrx_word' id='word_1_300' title='bbox 1243 4203 1346 4254; x_wconf 84' lang='lat' dir='ltr'>tantum</span> 
     </span>
     <span class='ocr_line' id='line_1_39' title="bbox 215 4302 373 4346; baseline -0.019 -2"><span class='ocrx_word' id='word_1_301' title='bbox 215 4302 373 4346; x_wconf 84' lang='lat' dir='ltr'>careremus.</span> 
     </span>
    </p>
   </div>
   <div class='ocr_carea' id='block_1_8' title="bbox 0 0 1511 4986">
    <p class='ocr_par' dir='ltr' id='par_1_12' title="bbox 0 0 1511 4986">
     <span class='ocr_line' id='line_1_40' title="bbox 0 0 1511 4986; baseline 0 0"><span class='ocrx_word' id='word_1_302' title='bbox 0 0 1511 4986; x_wconf 95' lang='lat' dir='ltr'> </span> 
     </span>
    </p>
   </div>
  </div>
 </body>
</html>
