3006 4986
710 395 751 461 47

209 579 288 673 dnn
309 605 419 689 celeps,
443 605 608 686 scripsisse
624 603 734 686 pudet,
758 604 813 685 qni
829 602 975 684 plurime
998 623 1089 669 cerno

253 709 311 774 Me
332 728 460 790 quoqne,
483 709 538 788 qui
557 707 628 788 feci,
651 707 752 772 indice
774 707 871 788 (liena
894 706 960 770 lini.

207 810 284 876 Nec
307 814 433 875 temen
456 809 630 875 emendo:
655 809 741 874 leber
763 808 812 874 lie
834 829 930 889 quum
952 809 1085 874 scribere
1106 809 1207 894 moion
1222 857 1230 872 .
1247 860 1280 876 ..

165 933 271 995 neque
295 917 405 976 tamen
426 932 479 977 res
502 911 581 976 mihi
603 910 732 975 videtur
754 912 819 975 iam
843 930 914 975 esse
938 910 1098 977 absoluta.

250 1015 293 1080 Hi
314 1021 390 1080 sunt
413 1035 524 1081 omnes
547 1014 644 1079 huius
668 1013 816 1078 carminis
838 1035 962 1094 versus,-
985 1017 1019 1079 in
1036 1014 1153 1098 quibus
1168 1013 1301 1098 gravius

165 1119 299 1202 aliquod
320 1121 406 1184 inter
429 1119 555 1184 codices
577 1104 752 1182 discrimen
775 1122 834 1195 est,
868 1123 900 1182 et
925 1118 1046 1201 ubique
1074 1123 1109 1183 in
1132 1117 1239 1187 Guelf.
1270 1123 1303 1182 et
1338 1104 1345 1122 '

166 1221 261 1312 iniis
284 1222 459 1300 codicibus
491 1221 547 1305 qui
574 1221 720 1286 eiusdem
751 1219 893 1284 familiae
923 1227 1008 1300 sunt,
1045 1227 1103 1288 aut
1129 1221 1303 1306 genuinam

167 1325 435 1404 Ovidii'manum
458 1331 516 1389 aut
538 1324 653 1388 saltem
674 1322 902 1406 corruptelam,
926 1345 966 1388 ex
988 1345 1178 1407 quaverum
1196 1328 1303 1390 sinon

167 1449 305 1511 semper,
334 1434 479 1493 attamen
506 1428 699 1510 plerumque
719 1427 835 1492 elicere
863 1429 1037 1510 potuimus,
1065 1429 1100 1492 in
1120 1428 1188 1497 Pal.
1212 1431 1237 1506 l,
1260 1427 1302 1491 lp

166 1536 227 1596 etc.
259 1533 463 1614 scripturam
486 1531 589 1612 primo
613 1529 744 1612 quidem
767 1530 885 1595 obtutu
907 1531 986 1594 satis
1009 1531 1137 1610 bonam,
1159 1551 1195 1595 re
1225 1550 1303 1594 vera

166 1633 284 1699 falsam
305 1634 407 1698 ett
359 1656 392 1698 1n
393 1633 620 1716 t'erpolatam
611 1637 801 1700 muenimus.

252 1737 343 1801 Duos
366 1737 409 1801 ad
430 1742 607 1804 extremum
630 1737 715 1802 addo
737 1737 835 1816 locos,
860 1757 941 1820 quos
961 1739 1084 1820 primus
1099 1735 1177 1800 mihi
1193 1735 1303 1800 videor

167 1843 202 1904 in
223 1841 387 1924 integrum
410 1841 602 1908 restituisse

209 1943 251 2022 Π,
284 1943 422 2010 409'111
461 1943 625 2022 omnibus,
664 1963 748 2026 quae
786 1942 917 2026 quidem
945 1941 1024 2006 mihi
1054 1945 1185 2024 praesto
1216 1946 1302 2020 sunt,

168 2047 363 2114 editionibus
386 2047 433 2114 sic
454 2048 591 2131 legitur:

209 2152 272 2218 Est
293 2157 321 2217 ei
342 2154 376 2216 in
397 2152 544 2217 obscenos
566 2152 635 2234 def
639 2152 728 2217 lecu
750 2151 914 2234 irupeeeliu
935 2151 1028 2229 nisus,

166 2258 200 2318 et
222 2254 266 2318 sic
288 2257 322 2318 in
343 2253 411 2318 Pal.
429 2256 454 2332 1,
478 2252 575 2318 Goth.
600 2259 660 2320 ete.
684 2258 801 2318 exstat.
826 2259 940 2318 contra
961 2255 995 2316 in
1019 2249 1124 2317 Vatl
1147 2251 1303 2333 scriptum

166 2360 217 2420 est
238 2359 413 2436 commisse,
435 2355 468 2420 in
491 2355 599 2422 Guelf.
623 2361 656 2420 et
678 2356 745 2421 Pal.
769 2355 801 2420 Il
824 2358 1000 2434 commiste,
1021 2357 1055 2418 in
1077 2352 1118 2416 lrl
1139 2354 1173 2417 in
1187 2375 1304 2419 rasura

167 2460 279 2526 imislu
302 2459 351 2544 (=
375 2460 558 2542 commisto),
575 2460 665 2541 qnod
679 2457 914 2540 interpolatum
929 2477 998 2522 esse
1014 2478 1080 2522 non
1095 2462 1216 2539 potest,
1232 2479 1304 2522 cum

169 2562 256 2624 omni
279 2581 378 2626 sensu
400 2567 501 2626 vacet.
526 2565 694 2644 quaeritur
704 2562 814 2646 igitur,
836 2561 923 2625 unde
939 2561 1107 2626 commissu
1122 2565 1236 2624 natum
1251 2561 1302 2629 sit.

166 2665 369 2742 err-demisse,
385 2669 423 2726 nt
437 2664 576 2729 videtur.
601 2667 740 2732 demisso
756 2667 841 2728 enim
857 2669 891 2728 et
905 2665 1071 2730 commissu
1083 2684 1142 2745 per
1153 2683 1304 2747 compen-

165 2766 255 2829 dium
275 2767 395 2848 scripta
411 2767 555 2851 (d'missu
569 2793 612 2815 ·-
626 2771 759 2854 imissa)
776 2775 844 2833 tam
859 2766 975 2832 similia
991 2771 1076 2845 sunt,
1099 2757 1137 2830 ut
1151 2765 1302 2832 facillime

163 2872 251 2932 inter
273 2888 307 2933 se
331 2868 487 2934 confundi
509 2873 645 2954 possint.
668 2877 840 2952 praeterea
859 2873 1063 2952 aptissimum
1079 2875 1178 2936 estse
1194 2870 1302 2934 demit·

165 2962 302 3038 cere'vel
331 2976 440 3053 potius
471 2972 606 3039 demitti:
640 2973 835 3038 descendere
867 2973 912 3037 ad
945 2972 1068 3056 aliquid
1100 2971 1323 3050 faciundum,

164 3074 252 3157 quod
273 3080 461 3159 ceteroquin
481 3075 619 3142 inferius
642 3077 684 3142 sit
706 3075 862 3143 facultate
886 3081 944 3141 aut
963 3076 1120 3160 dignitate
1137 3075 1300 3159 (Forcoll.)

162 3175 204 3241 cf.
223 3176 327 3242 *Tacit
350 3177 465 3244 Annsl.
489 3179 510 3244 l.
532 3179 601 3258 XV,
626 3180 685 3244 73:
709 3187 742 3246 ui
763 3182 796 3246 in
818 3186 930 3246 senatu
952 3181 1121 3260 eunctis,
1143 3185 1178 3245 ut
1192 3180 1301 3261 cuique

155 3281 330 3362 plurimum
362 3284 525 3362 maeroris,
556 3284 593 3348 in
629 3283 900 3348 adulationem
932 3283 1137 3363 demissis,
1169 3281 1301 3347 lunium

164 3383 362 3449 Gallionem.
380 3434 387 3450 .
403 3434 411 3450 .
429 3433 436 3450 .
458 3386 613 3466 increpuit
634 3386 784 3452 Salienus
807 3384 948 3452 Clemens
971 3392 1031 3450 etc.

162 3486 204 3565 Il,
226 3487 289 3552 419
314 3507 361 3569 sq.

203 3591 342 3672 Suntque
364 3611 402 3656 eu
424 3593 583 3656 doctorum
604 3595 810 3658 monumentis
833 3594 1106 3672 testaceorum,

247 3693 495 3777 Muneribusque
519 3695 631 3760 ducum
647 3696 781 3777 publice
800 3698 888 3779 faeie
906 3701 1025 3778 potent.

36 3851 42 3862 .
161 3797 209 3859 sic
230 3795 404 3879 legendum
422 3817 493 3860 esse
509 3817 625 3861 censeo
640 3819 667 3862 v.
683 3797 757 3861 419.
774 3797 969 3862 simillimum
986 3799 1069 3862 enim
1085 3803 1145 3878 cst,
1162 3799 1250 3880 quod
1264 3802 1299 3863 in
1360 3825 1370 3834 ·

160 3896 233 3965 Vat.
247 3901 273 3977 Ι,
286 3897 403 3977 Guelf,
419 3899 486 3963 Pal.
503 3898 544 3978 II,
562 3898 673 3966 Comb.
685 3907 810 3966 exstat:
826 3907 917 3968 iente.
929 3922 1012 3967 sonu
1023 3907 1143 3980 autem,
1159 3903 1248 3983 quod
1259 3903 1299 3965 La

158 4001 305 4084 praebet,
339 4001 464 4067 librani
486 4002 582 4067 huius
613 4005 731 4070 codicis
759 4004 977 4069 coniecturam
1005 4025 1078 4070 esse
1105 4019 1299 4088 persuasum

158 4103 265 4169 habeo
289 4105 344 4193 (cf.
366 4128 397 4188 p.
419 4105 535 4188 5sq.).
580 4105 685 4173 Palat
662 4109 722 4172 tmi
744 4107 760 4170 I
782 4108 922 4190 denique
949 4112 1197 4192 ceterorumque
1220 4109 1298 4174 scri-

156 4213 290 4291 puram
310 4211 411 4275 nnuc
432 4209 592 4291 interpret
594 4211 735 4323 ationem
757 4231 830 4276 esse
845 4216 946 4294 patet.
970 4209 1011 4280 cf.
1029 4211 1124 4296 Verg.
1143 4216 1224 4278 Aen
1241 4211 1297 4291 XI,

160 4313 307 4376 11-122
